3252 5174
641 471 720 516 ΠΕΡΙ
741 470 877 519 ΦΥΣΕΩΣ.

727 698 788 764 ΧΙ.

205 820 252 889 ‘0
278 817 361 917 ἅναξ
373 819 422 891 ,οῦ
447 818 490 890 τῦ
515 819 668 904 μαντεῖόν
694 822 768 894 ε’στι
795 820 839 892 τὸ
864 823 897 892 ἐν
924 823 1084 920 Δελφοῖς,
1112 822 1188 893 οὔτε
1214 821 1308 916 λέγει’

208 933 284 1004 οῦτε
300 932 446 1029 κρύπτει,
465 930 556 1003 ἀλλὰ
573 934 728 1017 σημαίνει.

719 1107 799 1175 XII.

206 1229 365 1317 Σίβυλλα
384 1227 418 1301 δὲ
433 1231 612 1322 μαινομένῳ
625 1231 773 1313 στόματι
795 1231 973 1324 ἀγέλαστα
990 1229 1043 1301 καί
1061 1227 1305 1304 ἀκαλλώπιστα

207 1342 260 1412 καί
279 1342 444 1439 ἀμύριστα
468 1345 685 1441 φθεγγομένη
708 1343 823 1439 χιλίων
842 1342 938 1413 ἐτέων
954 1339 1126 1437 ἐξικνέεται
1150 1349 1192 1438 τῇ
1215 1347 1306 1441 φωνῇ

209 1449 262 1525 διὰ
279 1452 339 1526 τάν
357 1456 441 1526 θεόν.

207 1683 285 1734 τοῦτο
297 1681 412 1749 μάλιστα
424 1681 558 1752 σεβόμεθα
571 1683 611 1736 καί
624 1680 774 1752 τεθίμταμεν,
789 1681 829 1736 ὅτι
846 1683 881 1752 μὴ
900 1686 1037 1756 πρόχειρος
1050 1683 1065 1753 ἡ
1079 1689 1176 1756 γνῶσις
1189 1684 1309 1738 αὐτοῦ-

209 1775 324 1852 Respie.
344 1777 427 1836 Philo
447 1778 484 1837 de
504 1778 623 1856 Profug.
645 1799 692 1854 32,
706 1799 735 1856 p.
751 1793 830 1855 573;
859 1780 894 1838 de
916 1779 1016 1840 Somn.
1036 1780 1055 1840 i.
1077 1800 1102 1854 α,
1122 1800 1152 1857 p.
1168 1781 1243 1855 621;
1271 1780 1308 1840 de

210 1873 292 1951 Spes.
307 1873 381 1950 legg.
397 1877 423 1946 8,
438 1895 467 1952 p.
485 1874 718 1951 344-Iulianus
734 1875 784 1934 Or.
799 1876 848 1935 vii.
865 1896 893 1952 p.
911 1878 968 1936 216
984 1877 1016 1936 Ο.

249 1987 293 2031 ΧΙ.
314 1971 486 2032 Plutarchus
500 1974 536 2032 de
550 1974 634 2051 Pyth.
650 1994 722 2034 orac.
740 1993 786 2041 21,
801 1994 829 2052 p.
843 1993 918 2048 404:
940 1974 1009 2047 οἶμαι
1023 1977 1053 2030 δέ
1065 1998 1098 2031 σε
1110 1979 1264 2049 γιγνώσκειν
1277 1977 1308 2031 τὸ

208 2069 268 2143 παρ’
278 2071 437 2146 Ἡρακλείτῳ
457 2075 602 2144 λεγόμενον,
624 2075 657 2130 ὧς
677 2073 770 2142 tiva}
790 2073 820 2128 οὗ
838 2076 868 2128 τό
884 2076 1000 2144 μαισεῖόν
1020 2074 1078 2129 ε’στι
1093 2076 1124 2128 τό
1145 2074 1173 2128 ε’ν
1192 2077 1308 2146 Δελφοῖς

208 2171 267 2222 οὔτε
287 2168 359 2240 λέγει
380 2173 438 2224 οὔτε
458 2168 562 2241 κρύπτει
582 2170 651 2224 ἀλλὰ
672 2167 1006 2241 σηροίνει-Ῑιλιιιίλίίαίιιιε
1026 2169 1062 2228 de
1084 2167 1172 2244 Mysi.
1193 2167 1307 2242 ili.15:

209 2269 373 2336 συμβολικῶς
387 2267 415 2321 δέ
428 2267 474 2336 τὴν
486 2270 589 2340 γνώμην
602 2271 649 2322 τοῦ
666 2267 726 2322 θεοῦ
738 2265 896 2340 ἐμφαίνουσι
915 2269 956 2322 καὶ
969 2268 1016 2337 τὴν
1029 2271 1076 2323 τοῦ
1089 2267 1230 2338 μέλλοντος
1243 2291 1307 2337 προ-

210 2363 332 2432 δίηλωσιν,
347 2364 401 2419 καθ’
414 2364 590 2438 Ἡράκλειτον,
606 2369 666 2420 οὔτε
678 2366 797 2438 λέγοντες
811 2369 869 2421 οὔτε
884 2364 1037 2438 κρύπτοντες
1052 2366 1123 2420 ἀλλά
1144 2367 1309 2436 σημαίνοντες

209 2459 334 2518 -Idem
354 2480 401 2538 ap.
423 2461 503 2521 δῖοί).
525 2461 625 2521 Floril.
646 2460 739 2521 lxxxi.
758 2475 810 2536 17:
839 2464 915 2520 αιἰτδς
938 2465 953 2517 ὁ
974 2465 1003 2518 έν
1023 2465 1139 2536 Δελφοῖς
1161 2463 1226 2534 θεός,
1249 2467 1308 2518 οὔτε

209 2559 302 2633 λέγων,
316 2560 371 2616 καθ’
384 2560 562 2634 Ἡράκλειτον,
577 2565 635 2617 οὔτε
656 2561 772 2635 κρύπτων
785 2562 855 2616 ἀλλά
874 2562 1004 2632 σημαίνων
1016 2549 1063 2619 rie
1075 2563 1200 2632 μαντείας,
1216 2562 1309 2635 ἐγείρει

209 2661 274 2730 πρὸς
288 2659 445 2730 διαλεκτικὴν
459 2659 618 2733 διερεῦνησιν
630 2661 690 2717 τοὺς
705 2660 826 2730 ἐπηκόους
839 2666 891 2716 τών
903 2655 1240 2734 χρησμῶν-Δηοιιγιιιιιε
1259 2677 1306 2736 ep.

211 2753 291 2814 δῖοί).
307 2755 408 2814 Floril.
423 2776 450 2816 v.
467 2769 521 2831 72:
545 2760 579 2815 ώς
591 2760 642 2831 γδρ
656 2761 671 2812 ὁ
685 2758 748 2827 ι’ίνοξ
762 2760 777 2812 ὁ
791 2759 818 2813 έν
831 2760 946 2831 Δελφοῖς
962 2762 1020 2814 οὔτε
1038 2759 1111 2831 λέγει
1129 2762 1187 2813 οὔτε
1203 2757 1308 2830 κρύπτει

209 2853 278 2909 ἀλλά
292 2855 417 2925 σημαίνει,
432 2858 494 2910 κατὰ
512 2858 556 2912 τὸν
569 2856 745 2929 Ἡράκλειτον,
759 2853 826 2910 οὕτω
846 2862 897 2912 τῶν
911 2856 1093 2930 Πυθαγορικῶν
1111 2858 1252 2925 συμβόλων
1268 2855 1310 2909 καί

209 2957 240 3009 τδ
253 2954 400 3026 φράζεσθαι
411 2954 502 3009 δοκοῦν
509 2954 682 3028 κρυπτόμενόν
689 2956 748 3010 ε’στι
758 2955 798 3009 καί
811 2957 841 3009 τὸ
853 2953 1010 3027 κρύπτεσθαι
1019 2951 1308 3029 νοούμενον-Βκερὶα.

208 3049 356 3110 Lucienus
366 3049 427 3109 Vit.
441 3057 516 3109 auct.
535 3069 589 3122 14:
611 3053 723 3124 ἀτεχνῶς
735 3053 786 3126 γάρ
801 3054 889 3126 ὥσπερ
904 3056 918 3108 ό
933 3050 1025 3124 Λοξίας
1038 3053 1112 3108 οὐδέν
1125 3053 1280 3125 ἀποσαφεῖς.
1294 3095 1296 3102 ,

251 3167 307 3209 x11.
329 3149 502 3208 Plutarchus
522 3151 559 3209 de
580 3150 754 3228 Pythonas
778 3154 805 3224 6,
825 3171 854 3228 p.
879 3165 953 3227 397:
983 3154 1099 3219 Σίβυλλα
1119 3153 1148 3207 δὲ
1167 3153 1309 3228 μαινομένῳ

209 3251 327 3320 στόματι,
342 3249 396 3304 καθ’
406 3249 581 3322 (Ηράκλειτον,
597 3250 730 3323 ἀγέλαστα
743 3252 784 3305 καὶ
797 3251 983 3307 ἀκαλλώπιστα
996 3252 1036 3305 καὶ
1049 3250 1179 3321 ἀμύριστα
1192 3250 1308 3324 φθεγγο-

209 3347 271 3417 μένη
284 3347 376 3418 χιλίων
389 3349 452 3403 ε’τῶν
465 3348 598 3417 ἐξικνεῖται
616 3353 647 3418 τῇ
665 3351 739 3422 φωνῇ
755 3349 795 3403 διδ
813 3351 858 3404 τὸν
872 3349 937 3406 θεόν.
979 3349 1039 3402 ὅδὲ
1057 3345 1183 3420 Πίνδαρος
1200 3343 1312 3403 ἀκοῦσαί

210 3446 279 3517 φησι
299 3449 344 3499 τοῦ
361 3445 420 3500 θεοῦ
440 3446 486 3500 τὸν
507 3447 611 3516 Κάδμον
631 3448 661 3502 οῦ
681 3449 807 3518 μουσικὰν
821 3446 908 3520 ὀρθάν,
930 3447 979 3518 οὐχ
999 3446 1084 3516 ἡδεῖαν
1107 3446 1165 3500 οὐδὲ
1178 3446 1310 3518 τρυφερὰν

209 3543 268 3597 οὐδὲ
278 3544 493 3614 ἐπικεκλασμένην
506 3548 560 3601 τοῖς
572 3541 854 3615 μέλεσιν-0161116118
868 3541 955 3602 Alex.
972 3541 1079 3602 Strom.
1090 3542 1109 3602 ἱ.
1124 3554 1170 3616 15,
1184 3561 1213 3619 p.
1229 3543 1307 3616 358:

209 3639 377 3713 Ἡράκλειτος
400 3643 451 3714 γὰρ
477 3643 523 3696 οὐκ
543 3641 706 3715 ἀνθρωπίνως
729 3643 812 3715 φησίν
837 3643 905 3697 ἀλλά
926 3643 976 3699 σῦν
999 3642 1049 3718 θεῷ
1070 3644 1172 3712 μῦλλον
1193 3640 1309 3711 Σιβύλλῃ

210 3737 496 3813 πεφάνθαι-Βθεμὶο.
506 3737 796 3815 pseudo-Heraclitus
811 3739 905 3814 Epist.
914 3737 984 3798 viii:
1005 3737 1058 3796 εἶδέ
1070 3764 1103 3796 σε
1116 3725 1167 3812 πρὸ
1181 3738 1309 3795 τοσούτου

210 3836 299 3896 αἰῶνος
313 3880 320 3896 .
336 3879 343 3894 .
359 3878 367 3894 .
383 3837 420 3907 .ἡ
442 3839 561 3904 Σίβυλλα
583 3836 852 3896 κτὲ.-Ῑιιοδ1ίολιιε
870 3837 906 3896 de
924 3837 1012 3914 Myst.
1029 3836 1072 3897 iii.
1090 3840 1126 3896 8:
1152 3841 1248 3910 λόγους
1263 3837 1310 3907 μὲν

210 3935 342 4006 προῖεμένη
358 3931 431 4011 (scil.
452 3935 467 4006 'i
488 3936 540 3992 ἀπὸ
560 3941 611 3992 τών
628 3937 692 3992 θεῶν
707 3942 827 4010 παροῦσα
843 3933 1008 4014 ἐπικράτεια),
1022 3938 1052 3991 οὔ
1070 3938 1134 4007 μετὰ
1155 3936 1264 3991 διανοίας
1281 3935 1310 3989 δέ

210 4037 262 4087 τῶν
270 4036 406 4106 λεγόντων,
418 4035 487 4089 ἀλλὰ
500 4035 641 4111 μαινομένῳ
655 4037 725 4107 φασὶ
738 4038 846 4106 στόματι
859 4035 1044 4108 φθεγγομένων
1057 4034 1148 4090 αὐτοῦς
1162 4034 1202 4087 καὶ
1215 4034 1309 4103 ῦπηρε·

209 4130 320 4186 τούντων
336 4131 406 4186 ὅλων
421 4133 461 4187 καὶ
479 4132 701 4206 παραχωρούντων
718 4136 781 4203 μόνη
802 4137 832 4202 τῇ
852 4137 898 4188 τοῦ
917 4137 1069 4205 κροτοῦντος
1088 4128 1308 4204 ε’νεργέια-ίοιδ.

211 4225 378 4286 Chalcidius
391 4227 423 4286 in
433 4228 509 4288 uim.
523 4248 580 4305 249
591 4247 598 4288 ι
619 4229 722 4289 asserit
737 4227 808 4310 (seit.
821 4227 1001 4309 Heraclitus)
1012 4226 1202 4287 divinationis
1215 4245 1308 4298 usum,

211 4329 241 4383 et
253 4326 436 4402 praemoneri
449 4327 568 4386 meritos
581 4327 794 4387 instruentibus
808 4324 916 4386 divinis
928 4325 1131 4403 potestatibus.

346 4549 383 4585 ιιι.
400 4534 463 4599 ώναξ
474 4537 623 4600 Stephanus.
697 4597 702 4604 Ι
826 4549 876 4588 xn.
895 4534 956 4585 ἐτῶν
968 4534 1097 4598 ἐξικνεῖται
1110 4536 1190 4601 vulg.'
