3252 5174
571 1145 973 1223 PRAEFATIO.

256 1405 306 1464 Ex
329 1425 386 1484 quo
410 1405 653 1467 Schleiermacher
673 1409 776 1486 primis
800 1409 887 1469 huius
910 1410 1018 1470 saeculi
1041 1409 1124 1470 annis
1149 1409 1317 1471 Heraclitea

216 1504 333 1582 collegit
355 1505 495 1580 permulti
515 1507 677 1566 extiterunt
698 1509 749 1586 qui
766 1508 861 1568 obiter
880 1529 915 1568 ea
933 1510 1056 1588 dataque
1075 1510 1221 1570 occasione
1242 1509 1317 1568 adti-

216 1602 332 1680 gerint:
362 1603 419 1662 duo
436 1609 535 1663 autem
554 1625 673 1681 operam
693 1614 838 1666 naverunt
858 1612 892 1666 ut
913 1609 949 1667 de
969 1607 1105 1667 universo
1126 1607 1316 1684 reliquiarum

218 1719 337 1776 corpore
364 1699 538 1760 dissererent
564 1702 766 1761 Fordinandus
795 1703 954 1763 Lessallius
976 1725 1009 1781 ac
1037 1704 1142 1762 Paulus
1171 1703 1316 1776 Sehuster,

217 1797 292 1856 alter
313 1797 460 1858 litteratus
480 1799 566 1858 homo
588 1807 617 1860 et
638 1821 778 1878 perquam
798 1801 973 1879 ingeniosus,
995 1802 1042 1861 hic
1062 1801 1106 1861 rei
1126 1800 1316 1878 philologicos

217 1895 347 1972 peritior,
361 1897 410 1975 qui
427 1897 458 1956 id
471 1899 656 1974 potissimum
670 1899 731 1977 egit
745 1906 779 1958 ut
798 1900 968 1976 fragmentis
989 1900 1026 1959 ad
1043 1900 1170 1977 priscum
1185 1899 1317 1958 ordinem

217 1993 380 2054 coniectura
393 1996 517 2056 redactis
535 2003 622 2074 atque
636 1999 715 2056 unde
733 1998 811 2056 uude
828 1998 969 2074 suppletis
987 1999 1096 2076 speeies
1114 1997 1317 2058 conciliaretur

217 2091 378 2152 Heraclitei
392 2094 469 2154 libri.
512 2095 552 2153 Et
572 2095 652 2155 inter
665 2094 818 2153 historicos
839 2095 932 2153 Zeller
953 2095 1094 2153 rationem
1114 2093 1259 2154 Heracliti
1279 2116 1316 2154 ex

216 2190 387 2268 fragmentis
413 2199 604 2270 veterumque
634 2192 810 2252 testimoniis
839 2192 1007 2252 restitutam
1037 2193 1120 2252 docte
1152 2197 1182 2251 et
1209 2192 1316 2252 diserte

216 2291 360 2367 exposuit.
404 2291 460 2350 Sed
485 2298 529 2350 est
553 2291 628 2350 mihi
647 2291 800 2368 praecipue
825 2292 1028 2351 memorandus
1045 2291 1169 2350 Iacobus
1188 2291 1315 2367 Bernay-

216 2387 285 2461 sius,
309 2388 500 2465 investigator
528 2390 762 2449 Heracliteorum
789 2389 989 2466 interpresque
1016 2389 1235 2472 sagacissimus,
1265 2389 1316 2465 qui

216 2485 305 2545 etiam
335 2486 482 2563 Epistolas
511 2487 662 2547 Heraclito
689 2487 851 2564 suppositas
880 2488 1025 2546 recensuit
1054 2488 1316 2566 commentarioque

216 2584 370 2643 exornavit
384 2584 497 2661 qualem
510 2586 547 2644 ab
562 2606 620 2644 uno
635 2585 793 2663 Bernaysio
808 2586 936 2662 accipere
951 2585 1082 2645 solemus.

257 2683 372 2743 Novam
400 2682 633 2743 Heracliteorum
667 2683 826 2745 editionem
853 2704 919 2743 eum
949 2683 1108 2761 aggredior,
1137 2689 1168 2742 et
1195 2703 1257 2742 rem
1290 2687 1321 2742 et

216 2785 348 2856 tempora
368 2780 495 2840 arbitror
514 2782 662 2859 postulare
682 2789 716 2842 ut
736 2782 768 2840 id
788 2783 847 2841 fere
868 2781 901 2840 in
916 2781 1067 2840 Heraclito
1089 2781 1141 2839 liat
1160 2782 1238 2858 quod
1257 2780 1316 2838 iam

216 2877 248 2936 in
265 2877 360 2935 Ennio
380 2883 410 2936 et
428 2859 545 2938 scenicis
564 2879 707 2938 Romanis
726 2879 832 2939 summi
851 2879 906 2938 viri
921 2879 1072 2942 Vahlenus
1090 2885 1119 2938 et
1139 2879 1316 2938 Ribbeclrius

215 2975 355 3034 fecerunt.
398 2975 530 3050 Quorum
559 2978 691 3054 exemplo
719 2976 793 3037 hanc
820 2976 914 3036 libelli
941 2977 999 3036 mei
1023 2977 1145 3034 formam
1168 2976 1316 3036 constitui.

216 3072 315 3130 Primo
329 3073 392 3132 loco
406 3074 568 3150 fragmenta
581 3075 666 3152 posui
685 3077 793 3152 absque
810 3076 886 3135 molo
906 3075 1144 3152 disputationum,
1160 3074 1261 3133 ordine
1281 3095 1316 3134 eo

216 3190 300 3247 quem
315 3170 351 3228 ad
365 3191 471 3230 nexum
493 3174 704 3232 sententiarum
723 3174 794 3234 satis
815 3174 987 3251 respondere
1007 3173 1216 3231 credidi-non
1235 3173 1317 3249 equi-

127 3347 131 3354 ,
215 3269 281 3327 dem
296 3268 416 3346 ignarus
429 3271 465 3329 de
478 3291 510 3330 re
523 3279 585 3331 tam
600 3272 688 3330 dubia
703 3273 838 3330 statuisse
856 3272 927 3330 alios
941 3271 1027 3330 aliter
1041 3278 1070 3329 et
1084 3290 1167 3347 posse
1182 3274 1317 3329 statuere.

216 3367 273 3425 His
290 3367 439 3427 subiacent
457 3369 624 3429 testimonia
636 3376 767 3428 veterum
785 3374 814 3428 et
833 3368 976 3446 quidquid
993 3367 1081 3426 habui
1096 3366 1175 3443 quod
1188 3367 1317 3425 firmaret

215 3464 377 3524 infirmaret
391 3467 659 3544 quomodocumque
674 3467 833 3526 illustraret
846 3467 1076 3543 fragmentorum
1090 3464 1185 3522 fidem.
1217 3463 1317 3522 Tertio

216 3562 278 3620 loco
299 3563 515 3623 adnotationem
537 3565 666 3624 criticam
688 3565 755 3624 dedi
775 3581 863 3643 quam
884 3563 1100 3636 brevissimam
1122 3561 1205 3620 cuius
1221 3562 1317 3620 brevi-

215 3659 287 3718 tatis
307 3661 494 3720 meminerint
506 3664 595 3723 velim
610 3663 634 3722 si
650 3664 700 3741 qui
714 3663 900 3722 mirabuntur
920 3681 966 3720 me
987 3681 1046 3719 non
1067 3680 1165 3719 omnes
1187 3659 1317 3718 omnium

215 3757 366 3835 opiniones
381 3779 413 3818 ac
427 3760 604 3837 suspiciones
619 3760 650 3818 in
664 3761 775 3819 notulis
789 3759 1057 3820 commemoravisse
1066 3760 1085 3820 ¹.

247 3920 256 3948 ¹
272 3922 386 3971 Iudicem
403 3924 499 3973 subicio
515 3941 600 3974 eorum
613 3925 657 3989 qui
674 3925 721 3974 hoc
738 3927 837 3974 saeculo
848 3925 1001 3974 Heracliteis
1013 3922 1127 3972 criticam
1143 3937 1244 3986 operam
1261 3937 1317 3970 eon-

214 3999 343 4061 tulerunt;
370 4002 517 4066 praecipuos
539 4007 640 4052 tantum
661 4004 884 4052 memor02—Tlr.
908 3994 1002 4066 Bergk,
1028 4002 1067 4063 (1)
1091 3999 1239 4047 Exercitatt.
1260 3999 1315 4046 crit.

213 4092 278 4140 spee.
294 4078 328 4128 vi.
345 4093 402 4142 p.9
425 4080 493 4142 (Iud.
510 4081 568 4128 leet.
586 4081 637 4129 hib.
659 4081 792 4145 Marburg.
816 4082 910 4144 185o);
937 4082 976 4142 (a)
997 4079 1028 4127 ad
1046 4077 1151 4126 Aristot.
1168 4075 1199 4124 de
1219 4075 1317 4124 Mundo

214 4155 283 4217 (Ind.
295 4155 371 4204 schol.
380 4155 432 4204 hib.
444 4156 505 4206 Hal.
518 4156 610 4221 186r);
630 4158 668 4221 (3)
680 4159 713 4207 ad
725 4159 807 4223 Lyric.
820 4159 908 4207 Graec.
921 4174 946 4221 p.
961 4168 1007 4222 792
1020 4156 1059 4204 ed.
1071 4152 1185 4204 tert—I.
1197 4152 1318 4217 anays,

214 4233 254 4293 (1)
272 4233 299 4280 in
315 4233 484 4285 Heracliteie:
501 4236 589 4299 partic.
606 4236 637 4286 i.:
664 4237 745 4286 Bonn.
763 4237 842 4300 1848;
860 4236 900 4299 (a)
912 4236 980 4284 Mus.
995 4233 1077 4282 Rhea.
1088 4231 1123 4280 N.
1135 4231 1160 4280 S.
1173 4232 1216 4281 vii.
1231 4247 1256 4294 p.
1268 4245 1316 4294 905

213 4309 253 4370 (3)
266 4310 335 4358 Mus.
347 4311 430 4362 Rhen.
440 4313 477 4362 N.
487 4313 512 4362 S.
521 4315 555 4361 ix.
567 4330 591 4377 p.
608 4327 651 4377 241
662 4333 669 4371 ς
689 4315 729 4377 (4)
742 4314 822 4377 Epist.
835 4315 928 4362 Oritiea
939 4329 978 4376 ep.
990 4312 1100 4361 Bunsen.
1111 4309 1227 4358 Analect.
1236 4310 1317 4357 Ante-

214 4386 273 4437 Nic.
287 4391 306 4436 t.
320 4402 349 4450 3;
368 4390 407 4452 (5)
419 4389 603 4454 Theophrastos
614 4393 677 4441 fiber
689 4392 870 4456 Frdmmiglreit
881 4408 905 4456 p.
919 4405 983 4456 1903
1001 4389 1040 4454 (6)
1052 4389 1101 4438 Die
1112 4387 1316 4437 Heraklitischen

215 4464 313 4517 Briefe:
338 4467 421 4516 Berol.
443 4468 567 4534 1869-0.
584 4471 615 4520 G.
636 4470 721 4532 Cobet,
742 4473 781 4534 (r)
802 4471 926 4521 Mnemos.
942 4474 962 4519 t.
981 4469 1015 4518 ix.
1033 4485 1057 4532 p.
1077 4477 1141 4532 4373
1167 4467 1207 4529 (²)
1226 4463 1315 4526 Avrlvv

216 4539 303 4604 Ἑρμοῦ
318 4550 337 4595 t.
355 4547 371 4595 i.
388 4563 414 4611 p.
428 4549 474 4610 187
482 4565 491 4608 ;
512 4550 552 4612 (3)
572 4549 679 4599 Miscell.
699 4549 761 4599 crit.
777 4566 802 4613 p.
816 4550 960 4612 135-Max
977 4549 1079 4604 Hebrze,
1095 4546 1144 4595 Die
1161 4544 1242 4614 Lebre
1256 4558 1315 4591 vom
