3252 5174
667 443 746 492 11111’1
768 445 902 494 munz.
1294 435 1339 501 αα

707 665 863 734 ΙιΧΧΙΧ.
1373 713 1380 728 .

236 777 327 854 Αῖόιν
344 793 422 862 παῖς
438 784 511 857 ε’στι
531 783 657 886 παίζων
673 791 850 863 πεσσεύων·
878 791 993 872 παιδός
1011 798 1029 877 ἦ
1046 796 1214 882 βασιληίη.
1264 729 1373 918 ps

717 988 853 1056 LXXX.

234 1098 460 1204 Ἐόιζησάμην
475 1108 643 1194 ε’μεωυτόν.

236 1360 294 1414 εἀτι
308 1361 349 1416 καὶ
362 1362 390 1418 ε’ν
403 1367 439 1438 τῷ
453 1365 577 1421 τεθνάναι·
598 1365 641 1422 ὅτε
654 1368 701 1438 μὲν
712 1368 763 1442 γάρ
778 1369 848 1439 ἡμεῖς
861 1371 942 1440 ζῶμεν
954 1371 1000 1427 τὰς
1019 1370 1111 1442 ψυχάς
1130 1370 1200 1442 ήμῶν
1218 1371 1334 1428 τεθνάναι

236 1458 277 1511 καὶ
297 1459 325 1515 ἐν
342 1459 402 1530 ἡμῖν
417 1462 552 1535 τεθάφθω,
567 1463 611 1519 ότε
628 1466 656 1519 δε“
676 1465 748 1535 ἡμεῖς
766 1465 969 1538 ἀποθνήσκομεν,
983 1469 1028 1525 τὰς
1046 1469 1137 1541 ψυχδς
1154 1468 1276 1536 ἀναβιοῦν
1293 1471 1336 1524 καίΙ

236 1553 380 1635 ζῆνζεὶτ.
398 1572 437 1631 50
452 1557 542 1619 Sohl.:
564 1561 615 1619 sed
627 1582 655 1620 v.
672 1561 757 1620 Philo
778 1562 816 1621 ad
837 1562 953 1622 LXVII
967 1562 1190 1644 ωειλ-Τροίας
1212 1563 1287 1624 Chil.
1302 1564 1333 1624 ii.

238 1666 311 1729 ’ματ
327 1659 367 1712 καί
381 1658 444 1714 κατὰ
456 1661 502 1714 τόν
513 1664 670 1733 Δημόκριτον
680 1664 755 1719 αὐτόν
769 1662 818 1719 σὺν
830 1662 990 1739 Ἡρακλείτῳ
1004 1665 1056 1735 ἅμα
1069 1663 1184 1738 δακρόων
1197 1665 1237 1720 καί
1249 1668 1334 1738 γελῶν

234 1755 265 1808 τό
279 1755 393 1810 ἄστατον
405 1760 452 1811 τοῦ
464 1754 532 1827 βίον,
546 1759 641 1830 ἕλε’χθη
656 1759 772 1830 θνήσκειν
785 1785 814 1817 τε
826 1763 868 1816 καὶ
882 1763 925 1831 ζῆν
937 1761 1004 1836 ἦμαρ
1018 1763 1057 1818 ἀεὶ
1070 1761 1130 1837 παρ’
1144 1761 1219 1836 ἦμαρ.

274 1868 383 1911 οκκικ.
404 1851 537 1912 Clemens
557 1852 641 1913 Alex.
662 1857 783 1934 Paedug.
798 1856 818 1915 i.
835 1875 861 1932 5,
876 1877 905 1934 p.
924 1877 999 1917 111:
1022 1859 1140 1929 τοιαύτην
1160 1862 1217 1916 τινὰ
1236 1860 1335 1928 παίζειν

235 1952 340 2007 παιδιὰν
352 1954 397 2008 τόν
409 1955 501 2008 ἑαυτοῦ
515 1955 565 2008 Δία
577 1954 746 2028 Ἡράκλειτος
758 1955 1050 2032 Ripa—Hippolytus
1063 1955 1128 2015 Res.
1144 1953 1222 2016 haer.
1237 1955 1275 2014 11.
1293 1977 1310 2033 9
1324 1973 1332 2015 t

235 2049 276 2106 ότι
289 2049 319 2104 δέ
331 2050 388 2107 ε’στι
406 2055 466 2109 παῖς
485 2053 515 2106 τό
535 2054 586 2108 πᾶν
606 2055 648 2108 καὶ
667 2052 700 2108 δι’
720 2055 809 2112 atavos
829 2055 928 2112 αι’ὠνιος
947 2055 1075 2121 βασιλεὺς
1094 2061 1145 2110 τῶν
1165 2054 1234 2110 ὅλων
1253 2052 1335 2112 οὕτως

234 2149 313 2220 λε’·γει·
335 2148 403 2204 Αίῶν
421 2153 482 2207 παῖς
502 2151 559 2205 εἀτί
578 2152 674 2219 παίζων
693 2151 829 2208 πεττεόων·
849 2153 970 2223 παιδόςῆ
989 2150 1334 2223 βασιληίη-Ῑαωδίίαλαε

234 2264 280 2322 ap.
302 2244 384 2305 δῖοί).
405 2245 466 2306 Ecl.
488 2246 519 2306 ii.
538 2267 562 2320 1,
583 2268 610 2324 p.
631 2267 688 2308 12:
714 2254 791 2326 πόσερ
811 2252 842 2321 δή
863 2250 908 2308 οὖν
926 2253 1031 2314 βελτιον
1050 2250 1218 2324 Ἡράκλειτος
1236 2251 1334 2306 παίδων

234 2344 366 2418 ἀθύρματα
379 2348 505 2417 νενόμικεν
518 2343 581 2403 εἶναι
593 2348 626 2402 τὰ
639 2347 783 2420 ἀνθρώπινα
796 2349 945 2419 δοξάσματα
952 2366 961 2420 3
983 2344 1081 2425 (quem
1095 2346 1191 2405 locum
1204 2365 1336 2406 seorsum

233 2442 400 2519 ponendum
420 2446 450 2502 et
470 2443 501 2500 in
521 2443 749 2522 fragmentorum
769 2444 842 2502 serie
859 2444 1070 2504 numerandum
1091 2450 1188 2504 censet
1200 2444 1335 2520 Bomp-

234 2543 304 2614 οἱας,
320 2541 383 2600 coll.
397 2539 474 2600 Plau.
488 2541 577 2620 Legg.
587 2542 606 2602 i.
619 2546 678 2616 644
690 2544 726 2616 D,
741 2541 791 2603 vii.
803 2546 862 2620 803
873 2542 1071 2624 0)-Ρταο1αο
1084 2543 1115 2601 in
1127 2543 1204 2604 Tim.
1221 2561 1275 2602 101
1286 2541 1332 2601 11:

234 2643 312 2698 ἄλλοι
326 2643 354 2697 δὲ
372 2643 413 2697 καί
432 2643 478 2698 τὸν
490 2644 644 2717 δημιουργόν
670 2644 697 2699 ἐν
716 2647 752 2719 τῷ
773 2647 944 2718 κοσμουργεῖν
963 2642 1061 2712 παίζειν
1081 2641 1205 2716 εἰρήκασι,
1220 2643 1334 2715 καθάπερ

234 2737 554 2816 ‘upupam-Respo.
572 2738 719 2797 Lucianus
732 2738 793 2798 vit.
807 2744 883 2798 auct.
901 2758 936 2810 14
952 2735 1282 2817 (1.Appeud.n0utr.);
1303 2740 1334 2796 αδ

235 2836 302 2895 fort.
321 2835 407 2895 Plato
426 2835 515 2914 Legg.
530 2857 559 2896 x.
576 2856 633 2913 903
649 2836 695 2910 D;
715 2835 801 2895 Philo
821 2837 857 2896 de
873 2836 927 2897 vit.
950 2836 1043 2914 Moys.
1057 2836 1077 2895 i.
1093 2839 1120 2909 6,
1134 2856 1162 2913 p.
1178 2840 1217 2911 85
1233 2834 1283 2915 (ad
1296 2835 1331 2894 fr.

235 2934 338 2993 LXIX
353 2933 415 3014 cit.)
424 2955 432 3009 ;
454 2935 626 2993 Plutarchus
646 2935 682 2992 de
703 2934 747 2993 EI
763 2954 810 3008 21,
824 2955 853 3013 p.
870 2955 947 3012 393;
970 2935 1129 3012 Gregorius
1145 2934 1218 2993 Nau.
1234 2933 1330 2994 Oarm.

234 3032 266 3094 ii.
281 3037 329 3107 85,
343 3053 371 3110 p.
388 3036 446 3109 978
461 3033 506 3090 ud.
522 3033 637 3106 Bened„
651 3033 769 3109 aliique.

273 3148 367 3190 ιω.
390 3130 563 3189 Plutarchus
577 3130 642 3190 adv.
656 3130 752 3189 Oolot.
769 3149 815 3197 νο,
830 3151 857 3207 p.
874 3135 967 3191 1118:
990 3135 1017 3189 ἐν
1030 3131 1068 3192 οἷς
1082 3134 1110 3189 δε·
1124 3133 1213 3204 κομιδῇ
1226 3133 1343 3206 διαγελᾷ.

234 3234 275 3287 καὶ
289 3231 425 3304 φλαυρίζει
438 3231 484 3285 τόν
497 3232 630 3303 Σωκράτην
644 3233 764 3300 ζητοῦντα
776 3228 804 3287 τί
815 3230 947 3304 ἅνθρωπός
960 3233 1018 3286 ε’στι
1031 3233 1072 3286 καί
1090 3234 1284 3301 νεανιευόμενον,
1299 3233 1333 3288 ὥς

233 3334 325 3405 φησιν,
345 3330 385 3385 ότι
404 3328 462 3400 μηδ’
477 3330 551 3385 αὐτός
571 3329 657 3399 εἰδείη,
671 3330 749 3398 δήλος
768 3327 815 3400 μίν
835 3330 908 3385 ε’στιν
927 3330 1004 3386 αὐτός
1024 3329 1146 3384 οὐδέποτε
1165 3330 1230 3402 πρὸς
1249 3327 1333 3403 τούτῳ

233 3432 374 3504 γενόμενος.
396 3430 411 3482 ό
425 3428 453 3482 δὲ
466 3426 640 3500 Ἡράκλειτος,
657 3427 691 3484 ὡς
703 3426 769 3501 μέγα
783 3449 808 3482 τι
826 3429 866 3483 καὶ
888 3429 982 3498 σεμνόν
995 3427 1220 3499 διαπεπραγμένος,
1234 3425 1333 3496 Ἐδιζη-

235 3530 327 3600 σάμην,
343 3530 434 3601 φησίν,
449 3528 583 3598 ἐμεωυτόν·
611 3527 722 3582 καὶτῶν
741 3527 769 3581 ε’ν
789 3528 906 3598 Δελφοῖς
925 3527 1081 3600 γραμμάτων
1101 3524 1231 3580 θειότατον
1251 3525 1334 3580 ε’δόκει

234 3630 264 3683 τὸ
284 3629 365 3684 Γνῶθι
386 3621 580 3682 σαυτόν-Βία
602 3623 751 3700 Chrysost.
772 3622 822 3682 Or.
844 3637 891 3697 55,
905 3643 935 3700 p.
952 3626 1007 3682 282
1023 3620 1146 3680 Reiske:
1166 3620 1333 3695 Ἠράκλειτον

235 3725 263 3779 δὲ
284 3726 322 3779 ἔτι
342 3727 515 3798 γενναιότερον
535 3724 611 3779 αὐτὸς
631 3723 744 3794 ἐξευρεῖν
764 3721 810 3791 τήν
830 3727 876 3777 τοῦ
899 3723 993 3780 παντός
1013 3720 1096 3794 φύσιν
1116 3721 1192 3777 όποία
1211 3721 1332 3792 τυγχάνει

234 3819 301 3876 οὖσα
313 3821 420 3892 μηδενός
432 3820 580 3888 διδάξαντος
594 3820 635 3873 καὶ
647 3816 767 3890 γενέσθω
780 3817 839 3891 παρ’
851 3818 928 3874 αὑτοῦ
948 3816 1216 3890 σοφός-Ταῖίαααε
1229 3815 1280 3876 Or.
1293 3814 1334 3874 ad

233 3917 333 3976 Graec.
352 3935 388 3991 3:
410 3919 454 3973 τόν
467 3918 517 3990 γὰρ
530 3916 696 3989 Ἠράκλειτον
717 3917 763 3971 οὐκ
783 3917 814 3971 ἃν
833 3916 1014 3988 ἀποδεξαίμην,
1026 3916 1152 3987 Ἐμαντὸν
1172 3916 1343 3987 ἐδιδαξάμην,

233 4019 336 4073 είπόντα
350 4017 392 4071 διδ
405 4019 436 4072 τὸ
449 4016 628 4071 αὐτοδίδακτον
638 4011 700 4070 εῖναι
714 4017 754 4069 καὶ
767 4012 1117 4090 &wippam—Diogene!
1131 4012 1228 4070 Luerss.
1243 4012 1284 4071 ix.
1295 4026 1312 4086 5
1323 4030 1331 4070 2

234 4115 330 4188 ἤκουσέ
341 4114 364 4171 τ’
377 4115 487 4183 οὐδενός,
500 4112 560 4167 ἀλλ’
574 4114 650 4169 αὑτὸν
662 4113 714 4183 ἔφη
728 4111 881 4182 διζήσασθαι
901 4115 942 4169 καὶ
962 4114 1051 4184 μαθεῖν
1063 4114 1146 4168 πάντα
1161 4110 1222 4184 παρ’
1235 4113 1332 4166 ε’ωατοῦ

232 4211 406 4271 -Plotinus
427 4210 501 4268 Eun.
522 4209 561 4267 iv.
587 4212 615 4282 8,
639 4228 670 4285 p·
693 4210 751 4281 468
775 4206 825 4285 (ad
846 4209 881 4269 fr.
902 4208 1071 4269 LXXXIII
1093 4207 1331 4287 uit.)-Iulianus

233 4309 284 4370 Or.
298 4309 338 4380 vi,
353 4330 381 4387 p.
402 4313 457 4382 185
472 4307 518 4368 A:
541 4310 632 4365 οὐκοῦν
645 4313 660 4364 ό
673 4308 720 4379 μὲν
740 4310 767 4365 ἐν
787 4311 903 4381 Δελφοῖς
924 4310 982 4366 θεὸς
1001 4312 1031 4365 τό
1052 4310 1133 4364 Γνῶθι
1153 4311 1249 4366 σαυτὸν
1268 4329 1331 4381 προ-

232 4410 357 4484 αγορεύει,
370 4410 538 4484 Ἡράκλειτος
552 4409 580 4464 δι’
593 4408 765 4477 Ἐδιζησάμην
778 4405 1063 4478 ε’μεωυτόν-ΡῐοαῙαα
1077 4404 1108 4462 in
1123 4404 1196 4464 Tim.
1216 4408 1271 4464 106
1287 4403 1331 4464 E:

230 4507 398 4582 Ἡράκλειτος
416 4509 463 4580 μὲν
475 4508 564 4564 εἀυτόν
575 4508 658 4564 πάντα
678 4505 768 4563 εἰδέναι
787 4504 871 4579 λέγων
883 4506 979 4564 πάντας
998 4505 1057 4564 τοὺς
1077 4505 1175 4563 ἄλλους
1194 4503 1332 4577 ἀνεπιστή-

772 4620 794 4666 D
