3252 5174
656 472 836 520 ramulum.
1262 457 1297 518 ix

198 639 335 700 Mallotes
348 642 395 701 vel
413 641 561 702 aemulum
581 642 627 702 vel
649 663 685 703 ex
704 644 802 705 schola
821 646 1001 722 profectum:
1025 645 1134 704 etenim
1152 665 1185 704 eo
1204 665 1295 723 usque

197 740 337 815 processit
359 739 560 801 Orateteorum
588 761 708 802 acumen
736 748 770 802 ut
796 745 916 803 tandem
943 745 997 804 sub
1020 743 1105 821 virga
1128 742 1296 821 interpretis

198 838 325 897 musicus
351 846 534 899 astronomus
565 841 734 918 astrologus,
764 842 894 902 omnium
923 844 983 902 fere
1014 843 1121 902 artium
1150 841 1295 920 magister,

197 940 282 1012 poeta
295 937 407 998 exierit.
443 937 501 999 Sed
514 943 644 1016 praestat
657 959 691 998 ea
705 940 805 999 audire
820 960 894 1018 quae
908 941 945 998 ad
959 939 995 999 Il.
1009 939 1094 999 xxiii.
1112 954 1150 1017 79
1164 940 1237 1019 (ἀλλ’
1251 942 1296 1012 ε’ρέ

196 1036 243 1105 μὲν
264 1037 310 1108 κὴρ
331 1037 465 1110 ἀμφέχανε
487 1039 607 1112 στσγεμὴ,
632 1040 650 1110 ἧ
671 1063 721 1113 περ
746 1042 813 1113 λάχε
832 1043 980 1114 γιγνόμενόν
999 1035 1061 1116 περ)
1086 1059 1123 1096 ex
1147 1037 1296 1097 Zenodoto

197 1131 320 1192 Mallote
346 1135 499 1195 scholiasta
526 1142 626 1196 noster
649 1136 757 1195 adtulit
766 1139 875 1195 ε-ὅθεν
898 1140 944 1209 μία
967 1145 1019 1194 τῶν
1043 1143 1147 1210 Μοιρῶν
1171 1140 1294 1209 Λάχεσις.

195 1230 343 1306 παρείληφε
363 1235 392 1289 δὲ
412 1235 451 1290 ὅτι
475 1240 507 1303 τῇ
531 1236 632 1308 γενέσει
658 1237 873 1292 σονδιοτάσσετοι
895 1238 937 1292 καὶ
957 1239 972 1291 ὁ
993 1239 1038 1306 τῆς
1057 1239 1177 1305 τελευτῆς
1201 1238 1293 1308 καιρός.

195 1331 255 1386 ὅθεν
268 1333 407 1401 Ζηνόδοτος
420 1336 435 1388 ὁ
449 1333 603 1406 Κρατήτειος
621 1335 779 1389 Χολδοῖον
797 1336 843 1390 τὸν
851 1334 968 1408 Ὅμηρόν
982 1337 1073 1407 φησιν.
1115 1331 1296 1406 Quibuscum

196 1428 292 1486 confer
304 1427 361 1488 ista
375 1429 412 1508 (si
425 1429 471 1489 dis
484 1427 592 1507 placet)
607 1428 784 1503 Heraclitee,
799 1431 879 1489 vides
897 1430 1026 1508 profecto
1044 1449 1105 1489 esse
1123 1431 1202 1489 locos
1216 1428 1295 1488 inter

195 1543 329 1602 separes,
345 1547 378 1586 ea
396 1528 606 1588 necessitudine
625 1528 794 1588 coniunctos
809 1549 883 1606 quac
897 1529 922 1588 si
936 1550 994 1588 non
1009 1528 1133 1587 eundem
1146 1534 1295 1586 auctorem

195 1628 320 1684 atcerte
338 1626 460 1684 eandem
478 1632 507 1686 et
526 1630 651 1686 aetatem
674 1632 703 1685 et
723 1627 906 1704 disciplinam
920 1631 1041 1703 arguat:
1063 1625 1141 1684 unde
1155 1625 1294 1684 concludo

195 1720 282 1780 etiem
306 1723 337 1779 in
359 1723 468 1782 scholio
492 1726 528 1783 ad
548 1725 584 1784 Il.
603 1723 685 1784 xviii.
704 1739 760 1800 251
778 1725 945 1784 recentioris
967 1724 1030 1783 aevi
1055 1723 1180 1801 ineptias
1204 1723 1309 1781 inter-¹

194 1823 305 1894 pretam
319 1822 477 1893 venditare,
493 1844 545 1884 nec
559 1824 767 1902 philosophum
781 1844 866 1883 cerno
885 1824 935 1883 sed
949 1823 1174 1900 grammaticum
1188 1842 1292 1899 aequa·

195 1917 253 1975 lem
267 1925 296 1977 et
306 1939 396 1996 paene
407 1922 562 1998 gemellum
571 1922 720 1981 Zenodoti.
741 1921 785 1980 Ac
795 1922 851 1980 nisi
862 1922 938 1981 forte
951 1922 1034 1980 melis
1045 1921 1093 1979 hic
1106 1921 1293 1998 allegeretam
1340 1913 1342 1916 ¹

196 2013 378 2077 Heraclitum
393 2019 541 2096 dispicere,
557 2042 614 2098 quo
628 2020 731 2078 Zelleri
745 2020 842 2097 opinio
856 2020 995 2078 inclinare
1008 2019 1125 2079 videtur
1139 2019 1226 2099 (Phil.
1242 2019 1293 2078 Gr.

195 2112 214 2172 i.
234 2135 263 2190 p.
279 2118 337 2190 665
358 2118 402 2175 ed.
418 2115 538 2196 quart),
560 2118 669 2196 poteris
688 2119 809 2177 fortasse
830 2138 942 2177 mecum
964 2137 1000 2176 ex
1021 2119 1108 2176 turba
1124 2117 1293 2194 grammati·

195 2231 294 2270 corum
311 2213 498 2275 Heraclidem
517 2237 652 2276 revocare
673 2237 740 2278 eum
758 2217 818 2277 sive
831 2215 1064 2276 Alexandrinum
1079 2235 1130 2275 seu
1144 2214 1295 2273 Milesium

195 2309 255 2385 qui,
275 2316 310 2370 ut
329 2317 454 2373 testatur
474 2314 648 2375 Eustathius
669 2316 709 2396 (p.
729 2329 796 2391 705,
818 2312 879 2392 60),
903 2313 1014 2390 Apioni
1035 2313 1241 2389 glossographo
1262 2313 1294 2370 in

196 2409 329 2468 manibus
349 2411 407 2470 fuit
417 2432 426 2486 3
455 2411 568 2489 Apioni
589 2420 687 2472 autem
708 2418 812 2473 cuncta
832 2412 901 2471 haec
922 2413 958 2471 de
979 2411 1108 2470 Homero
1129 2417 1294 2470 astronomo

194 2508 338 2585 astrologo
353 2509 496 2569 Chaldaeo
511 2512 589 2588 apud
608 2512 729 2571 seriores
747 2516 862 2571 servate
877 2511 985 2570 referre
999 2510 1242 2569 velim-rectene
1256 2530 1294 2568 an

196 2621 277 2664 secus
301 2625 387 2682 penes
412 2609 563 2683 peritiores
589 2610 744 2669 arbitrium
752 2611 772 2668 ⁹.
813 2610 919 2686 itaque
947 2627 1052 2667 nomen
1077 2614 1111 2666 ut
1139 2607 1170 2665 in
1198 2607 1293 2667 medio

194 2701 325 2779 relinquo
340 2703 381 2762 sic
394 2707 575 2782 grammatici
590 2727 650 2767 esse
667 2709 811 2767 adsevero.
849 2707 907 2766 Sed
921 2707 958 2765 ab
973 2707 1100 2766 Homero
1114 2713 1294 2764 revertamur

195 2800 231 2857 ad
245 2806 363 2860 nostra:
386 2822 454 2862 nam
474 2805 599 2863 alterum
620 2805 765 2878 habemus,
780 2811 816 2866 ut
836 2805 968 2882 superius
989 2804 1059 2876 dixi,
1073 2803 1292 2880 disceptationis

194 2919 292 2976 genus,
308 2901 388 2978 quod
408 2908 453 2961 est
473 2902 509 2962 de
529 2904 719 2981 reliquiarum
739 2905 838 2963 forma.
881 2903 926 2962 De
946 2903 1039 2962 forma
1060 2902 1293 2961 Heracliteorum

195 2997 355 3075 disceptare
368 3000 436 3059 licet
450 2999 496 3081 (1)
510 3002 534 3061 si
549 3003 714 3080 discrepant
728 3003 805 3062 inter
819 3023 849 3061 se
862 3001 906 3060 rei
919 3008 1060 3073 auctores,
1076 2999 1121 3080 (ι)
1135 3001 1161 3060 si
1179 3000 1211 3059 in
1228 3001 1293 3078 ipsa

194 3115 227 3154 re
250 3097 410 3156 Ionismum
434 3099 572 3177 requiras,
598 3101 623 3159 si
647 3101 746 3160 stilum
771 3101 865 3178 ipsius
889 3121 922 3158 ao
948 3099 1073 3159 colorem
1093 3099 1246 3172 desideres,
1267 3099 1293 3158 si
1379 3177 1388 3186 ·

194 3195 368 3254 seutentiam
387 3205 552 3257 enervatam
567 3200 618 3258 vix
637 3220 792 3278 agnoscas3
815 3219 888 3277 quae
908 3205 976 3258 sunt
995 3199 1123 3258 incertae
1141 3219 1174 3258 ac
1187 3219 1293 3275 parum

194 3292 268 3350 fidae
281 3313 378 3353 rerum
392 3295 557 3355 traditionis
573 3303 720 3374 comperta
734 3296 850 3355 indicia.
892 3298 932 3355 Et
951 3297 1089 3374 quoniam
1103 3296 1176 3356 vitia
1193 3296 1291 3354 huius-

193 3389 273 3449 modi
294 3412 351 3450 non
368 3413 434 3452 raro
453 3394 484 3451 in
506 3394 679 3454 Heracliteis
696 3401 859 3466 occurrunt,
873 3393 945 3453 libet
964 3394 1052 3452 altius
1073 3393 1242 3470 perquirere
1263 3399 1293 3452 et

193 3507 310 3548 causam
322 3491 392 3549 mali
406 3498 494 3569 atque
508 3493 648 3570 originem
665 3513 702 3551 ex
718 3492 839 3550 historia
853 3491 895 3550 rei
908 3498 1078 3551 monstrare.
1121 3491 1292 3550 Deformata

192 3587 285 3664 igitur
298 3589 418 3648 tradunt
430 3590 592 3666 fragmenta
611 3591 699 3649 etiam
720 3591 847 3668 optimae
867 3590 971 3649 aetatis
989 3590 1152 3666 scriptores,
1168 3609 1292 3667 quorum

193 3685 281 3745 moris
295 3685 355 3745 fere
368 3687 425 3746 fuit
443 3688 467 3747 si
488 3689 560 3766 quid
580 3689 709 3749 citabant
726 3688 928 3749 circumcidere
946 3687 1121 3766 interpolare
1135 3688 1292 3747 immutare

192 3801 301 3859 suoque
311 3785 376 3843 usui
387 3787 600 3845 accommodare
604 3808 612 3861 ;
628 3788 679 3866 qui
689 3788 809 3847 liberior
819 3787 929 3847 citandi
940 3807 1002 3845 mos
1013 3787 1091 3863 apud
1099 3785 1292 3845 Aristotelem

191 3880 323 3959 aliosque
341 3883 449 3959 passim
466 3885 602 3956 cernitur,
618 3885 777 3945 incuriosos
799 3886 984 3945 subtiliorum
1004 3904 1120 3944 sensum
1140 3885 1228 3943 modo
1248 3885 1300 3954 rei

225 4094 235 4123 ⁰
252 4095 292 4143 Ex
303 4095 403 4158 Apione
414 4096 505 4146 hausta
521 4099 631 4162 suspicor
642 4081 747 4162 eaquae
758 4099 789 4148 de
800 4100 912 4148 Homero
928 4103 1071 4148 astronomo
1082 4100 1168 4146 narrat
1179 4095 1292 4144 Achilles

192 4171 279 4221 Tatius
295 4173 362 4236 Isag.
379 4191 404 4238 p.
426 4188 474 4238 124
492 4175 515 4223 B
531 4177 620 4225 Peter.
639 4177 848 4239 (=Wachsmuth
865 4177 896 4224 de
913 4177 1015 4225 Cratete
1032 4175 1140 4223 Mallote
1155 4190 1180 4238 p.
1198 4175 1241 4236 40)
1252 4191 1292 4222 :-

193 4248 223 4296 tr
240 4247 286 4313 γάρ
306 4250 398 4299 τούτων
422 4253 458 4317 [h.
470 4268 491 4301 e.
511 4270 542 4302 ex
562 4255 674 4304 versibus
696 4255 845 4318 quibusdam
864 4253 968 4302 Homeri
991 4253 1118 4302 stellarum
1140 4252 1292 4301 mentionem

193 4328 317 4393 facientis]
331 4327 375 4377 τὰς
386 4329 516 4393 προφάσεις
527 4331 619 4387 ἔλαβον
630 4333 653 4381 ol
663 4330 766 4396 ὕστερον
777 4330 827 4394 περὶ
838 4331 931 4380 τοῦτον
942 4329 1188 4394 πραγματευσάμενοι.
1205 4331 1235 4378 ὣς
1245 4327 1292 4393 γὰρ

193 4406 243 4454 τοΐς
259 4409 381 4470 τραγικοῖς
398 4409 520 4473 παρέσχεν
536 4410 648 4474 ἱστοριῶν
664 4409 778 4474 ἀφορμάς,
794 4408 858 4458 οὕτω
876 4409 915 4458 καὶ
933 4407 972 4458 διὰ
989 4407 1083 4458 τούτων
1102 4407 1225 4458 ὑποθέσεις
1241 4408 1293 4456 τοῖς

193 4487 245 4545 περὶ
259 4485 421 4550 ἀστρολογία
436 4487 549 4552 γράψασι.
565 4489 708 4552 μαρτυροῦσι
726 4487 751 4537 δὲ
770 4486 865 4552 Κράτης
880 4487 919 4537 καὶ
930 4485 1016 4537 Ἀπίων
1032 4488 1046 4535 ὁ
1062 4485 1235 4549 Πλειστονίιιης
1252 4483 1291 4534 ὅτι

193 4562 340 4626 ἀστρονόμος
348 4564 462 4630 Ὅμηρος.
