3252 5174
649 429 728 477 ΠΕΡΙ
748 430 885 478 mnas.

674 607 861 671 LXXXIV.

216 729 286 801 Καῖ
305 731 323 800 ὁ
341 732 454 800 κνκεοδν
472 729 640 801 διίσταται
657 732 701 816 μὴ
719 733 904 814 κινεόμενος.

682 904 847 968 LXXXV.

216 1025 336 1102 Νίκυες
352 1027 495 1123 κοπρίων
511 1027 763 1124 ἐκβλητότεροι.

216 1226 255 1307 (v.
271 1227 306 1287 fr.
322 1227 577 1307 LXXX)-Idem
598 1228 636 1288 iv.
659 1231 686 1301 8,
707 1249 738 1306 p.
754 1243 829 1305 473:
852 1231 905 1286 οὐδ’
920 1231 934 1301 ἡ
949 1224 1152 1301 Ἐμπεδοκλέους
1172 1228 1244 1302 φυγὴ
1265 1227 1317 1282 ἀπὸ
1352 1205 1357 1214 ’

213 1333 261 1383 τοῦ
282 1329 341 1384 θεοῦ
362 1329 403 1383 καί
422 1329 515 1399 πλάνη,
529 1327 581 1384 οὐδ’
596 1327 611 1398 ἦ
627 1330 736 1402 ἁμαρτία
756 1329 799 1402 ἐφ’
814 1325 830 1398 ἦ
848 1330 864 1399 ἡ
882 1329 946 1400 δίκη,
961 1329 1021 1384 οὔδέ
1036 1329 1050 1398 ἡ
1066 1324 1237 1400 Ἡρακλείτου
1258 1325 1317 1379 άνά-

213 1429 301 1481 παυλα
314 1427 342 1481 ἐν
354 1431 385 1496 τῇ
398 1425 690 1499 φυγῇ-ΙαιαδΙίοίιυς
704 1445 749 1502 ap.
766 1425 846 1486 Stob.
862 1425 923 1484 Eel.
938 1425 957 1484 i.
974 1444 1021 1498 41,
1036 1444 1064 1501 p.
1081 1425 1158 1498 906:
1179 1424 1318 1496 Ἠράκλει-

214 1548 258 1582 τος
271 1525 381 1598 μὲνγὰρ
402 1525 513 1595 ἀμοιβὰς
533 1525 669 1599 ἀναγκαίας
690 1527 787 1581 τίθεται
808 1527 836 1581 ἐκ
855 1531 907 1580 τῶν
927 1524 1055 1595 ἐναντίων,
1077 1525 1136 1579 ὁδόν
1155 1546 1185 1578 τε
1204 1521 1256 1575 ἅνω
1276 1522 1318 1575 καὶ

214 1623 281 1677 κάτω
295 1622 492 1695 διαπορεύεσθαι
506 1624 552 1680 τὰς
565 1624 656 1695 ψυχάς
674 1625 811 1697 ὑπείληφε·
832 1609 876 1678 καὶ
895 1626 926 1679 τδ
946 1624 993 1693 μίν
1012 1626 1066 1679 τοῖς
1086 1622 1172 1678 αὐτοῖς
1191 1620 1318 1689 ἐπιμένειν

215 1722 326 1790 κάματον
346 1716 417 1791 εἶναι,
430 1721 461 1775 τό
482 1721 510 1776 δὲ
530 1725 704 1792 μεταβάλλειν
718 1723 806 1796 φέρειν
828 1720 1095 1779 ἀνάπαυσιν-Ιᾶεῑη
1116 1739 1144 1795 p.
1160 1721 1238 1793 894:
1262 1721 1316 1774 κατ’

213 1816 391 1888 Ἐμπεδοκλέα
404 1821 432 1874 δὲ
446 1822 491 1889 τῆς
504 1822 605 1892 πρώτης
619 1820 669 1876 άπὸ
683 1825 730 1875 τοῖν
750 1821 810 1875 θεοῦ
830 1823 925 1893 φυγῆς,
940 1819 994 1875 καθ
1008 1819 1177 1890 Ἡράκλειτον
1190 1817 1218 1872 δέ
1231 1819 1276 1886 τῆς
1290 1818 1316 1871 έν

214 1921 251 1992 τῷ
264 1917 476 1987 μεταβάλλεσθαι
489 1917 635 1987 άναπαιῖλης
650 1961 656 1973 .
674 1961 681 1974 .
697 1960 703 1974 .
718 1919 799 1976 αἰτίας
815 1919 964 1992 γιγνομένης
983 1923 1035 1972 τῶν
1048 1922 1202 1990 καταγωγῶν
1215 1917 1317 1989 ε’νεργη-

213 2011 454 2086 pam-Aeneas
466 2013 595 2073 Gazaeus
610 2014 798 2092 Theophrast.
807 2034 835 2091 p.
849 2036 866 2090 9
878 2014 979 2073 Barth.
990 2033 996 2072 :
1012 2016 1083 2087 ὁμὲν
1092 2014 1318 2087 γὰρἩράκλιιτοι

214 2113 336 2186 διαδοχὴν
349 2113 486 2187 ἀναγκαίαν
499 2115 628 2183 τιθέμενος
641 2114 691 2168 ίίνω
706 2116 747 2169 καί
760 2116 827 2169 κάτω
837 2115 927 2186 ψυχῆς
939 2114 984 2184 τὴν
994 2114 1099 2186 πορείαν
1112 2114 1164 2183 ἔφη
1174 2111 1316 2184 γίγνεσθαι·

215 2211 270 2267 ε’πεί
284 2212 394 2283 κάματος
407 2213 449 2268 ε’πὶ
462 2216 515 2270 τοῖς
529 2214 615 2269 αὐτοῖς
632 2213 684 2268 θνα
704 2213 810 2284 μοχθεῖν
831 2214 871 2268 καί
891 2216 945 2269 τοῖς
966 2212 1033 2268 θεαῖς
1054 2212 1257 2282 συμπεριπολεῖν
1277 2213 1318 2266 καὶ

214 2309 342 2382 ἄρχεσθαι
356 2306 396 2387 (V.
412 2309 448 2368 fr.
463 2307 637 2388 LXXXII).
666 2312 708 2366 διδ
721 2315 841 2380 ταῦτατῇ
860 2315 906 2366 τοῦ
922 2309 1024 2383 ἠρεμεῖν
1037 2309 1156 2379 ἐπιθυμίᾳ
1176 2309 1216 2362 καί
1237 2308 1317 2380 ἀρχῆς

214 2407 301 2463 ε’λπίδι
321 2409 387 2462 κότον
408 2409 476 2480 φησί
496 2408 625 2481 φέρεσθαι
644 2409 690 2479 τὴν
710 2407 809 2481 ψυχήν.
834 2399 895 2468 δδὲ
907 2408 1083 2478 Ἐμπεδοκλῆς
1097 2403 1274 2462 xri-Idem.
1288 2421 1318 2480 p.

218 2521 273 2562 11:
295 2505 471 2578 Ἡράκλειτος,
487 2502 591 2582 ᾧδοκεῖ
608 2512 658 2563 τῶν
671 2507 722 2562 dvo
742 2511 827 2563 πόνων
846 2510 890 2576 τῆς
910 2507 1002 2579 ψυχῆς
1021 2506 1170 2560 ἀνάπαυλαν
1190 2501 1252 2560 εἶναι
1271 2504 1318 2573 τὴν

215 2603 251 2660 είς
264 2603 337 2658 τόνδε
351 2606 395 2659 τὸν
406 2603 466 2670 βίον
480 2603 573 2677 φιγίην.

255 2715 387 2758 Lxxxlv.
408 2700 623 2777 Theophrastus
646 2726 674 2760 ιι.
699 2701 807 2776 ἰλίγγων
832 2721 859 2776 9,
881 2720 910 2776 p.
941 2702 996 2776 138
1021 2699 1193 2758 Wimmer.:
1214 2701 1246 2754 τὰ
1266 2701 1317 2772 γὰρ

214 2801 348 2871 πεφυκότα
367 2801 489 2857 κινεῖσθαι
506 2800 599 2870 ταύτην
612 2802 657 2869 τὴν
671 2801 769 2870 κίνησιν
783 2802 891 2868 σώζεται
912 2801 953 2855 καὶ
974 2798 1096 2869 συμμένει
1117 2799 1159 2852 διδ
1179 2796 1281 2866 ταύτην,
1296 2797 1319 2850 εί

214 2896 246 2966 δή
262 2891 302 2976 [δὲ
315 2896 350 2968 μί]
364 2896 443 2974 vulg.
457 2916 530 2954 corr.
546 2891 697 2976 Bernays],
711 2899 824 2970 καθάπερ
843 2896 1011 2970 Ἡράκλειτός
1030 2899 1107 2968 φησι,
1129 2898 1169 2950 καὶ
1190 2897 1204 2948 ὁ
1225 2895 1320 2949 κυκεὼν

215 2996 342 3050 διίσταται
357 3007 385 3056 <
393 2997 426 3066 μὴ
435 3009 463 3057 >
479 2993 829 3066 nmmum-Alexander
839 2991 970 3070 Aphrod.
981 2991 1077 3050 Probl.
1088 3011 1117 3067 p.
1130 3011 1163 3050 11
1178 2989 1300 3050 Usener.
1311 3010 1317 3047 :

215 3097 230 3148 ό
245 3095 273 3148 δὲ
287 3097 389 3164 κυκεών,
405 3096 494 3167 ὥσπερ
509 3096 549 3149 καὶ
562 3093 730 3166 Ἡράκλειτός
749 3096 840 3165 φησιν,
854 3095 898 3147 ε’δν
912 3093 946 3164 μίγ
964 3116 1002 3149 τις
1015 3093 1133 3164 ταράττῃ,
1149 3091 1318 3146 διίσταται-η

215 3189 331 3266 Respic.
346 3190 493 3248 Lucianus
506 3190 566 3248 Vib.
588 3195 664 3248 auct.
687 3207 740 3261 14:
762 3193 872 3262 ἔμπεδον
892 3191 973 3260 οὐδέν,
994 3190 1064 3245 άλλό
1083 3211 1132 3246 κως
1152 3191 1189 3246 είς
1209 3195 1319 3244 κυκεῶνα

215 3291 297 3346 πάντα
311 3287 590 3347 σννειλέανται-ίοή.
606 3287 791 3346 Philodemus
804 3312 832 3345 π.
848 3289 982 3354 εὐσεβείας
991 3285 1040 3352 vii,
1052 3306 1079 3362 p.
1091 3288 1127 3343 81
1142 3284 1295 3360 Gomperz.
1309 3306 1316 3342 1

215 3385 384 3461 παραπλήσια
404 3388 432 3441 δέ
453 3387 499 3442 κάν
518 3389 571 3444 τοῖς
591 3389 650 3460 περὶ
670 3385 777 3458 φάσεως
795 3387 892 3460 γράφει
908 3383 980 3459 (soil.
996 3380 1199 3460 Chrysippus),
1213 3383 1268 3453 μεθ
1285 3385 1320 3438 ὧν

216 3483 329 3555 εἴπαμεν,
345 3487 387 3540 καὶ
405 3487 450 3539 τὸν
470 3485 640 3557 Ἡρακλείτου
661 3491 809 3541 συνοικειῶν
826 3490 978 3546 <κνκεῶ>
1000 3479 1055 3562 [ita
1075 3482 1208 3540 lacunam
1222 3479 1320 3557 explet

216 3577 524 3664 Petersenus]-Oonf.
536 3580 596 3640 *M.
606 3581 773 3640 Antoninus
782 3581 820 3641 iv.
832 3562 915 3662 2'7(V.
925 3580 1013 3640 etiam
1022 3579 1061 3639 vi.
1071 3599 1107 3638 10
1114 3599 1123 3652 ;
1138 3578 1177 3637 ix.
1185 3575 1249 3656 39):
1264 3583 1319 3649 ἤτοι

216 3686 313 3752 κόσμος
323 3681 542 3756 διατεταγμένοςη
557 3685 657 3752 κυκεών,
670 3683 900 3755 σνμπεφορημένος
910 3684 956 3752 μέν
966 3681 1035 3736 ὀλλδ
1049 3683 1152 3751 κόσμος.
1174 3676 1318 3752 Bermys.

257 3795 371 3837 Lxxxv.
401 3779 507 3839 Strabo
529 3779 588 3839 xvi.
613 3780 658 3852 26,
682 3800 709 3856 p.
737 3783 813 3854 784:
841 3779 888 3837 ’ίσα
910 3781 1026 3852 καπρίαις
1048 3779 1165 3852 ἡγοῦνται
1187 3779 1219 3832 τὰ
1243 3777 1320 3848 νεκρὰ

217 3879 332 3948 πόματα,
355 3879 467 3950 καθάπερ
486 3879 652 3951 Ἡράκλειτός
673 3882 749 3952 φησι·
782 3880 878 3937 Νέκυες
898 3879 1008 3951 κοπρίων
1028 3873 1318 3948 ἐκβλητότεροι-ΡΜ·

215 3973 334 4032 'wrchus
348 3973 404 4046 Qu.
419 3974 532 4034 oonviv.
548 3975 587 4034 iv.
603 3993 630 4048 4,
646 3996 674 4052 p.
691 3977 767 4052 669:
790 3977 875 4034 νέκυες
884 3979 935 4050 γὰρ
949 3974 1058 4050 κοπρίαν
1072 3977 1250 4045 ἐκβλητότεροι
1264 3971 1320 4026 καθ’

215 4071 533 4146 ἨράκλειτανᾱΡοῙίηΧ
554 4072 658 4133 0110111.
680 4094 708 4132 v.
728 4076 803 4148 163:
833 4081 884 4130 τῶν
904 4076 930 4130 έν
949 4079 1004 4131 ταῖς
1024 4073 1135 4147 τριάδας
1155 4069 1320 4143 καθαρμάτων

216 4170 410 4245 ἐκβλητότεροι,
440 4172 551 4244 κοπρίων
578 4173 769 4246 ἐκβλητότερος,
799 4173 822 4227 εί
854 4175 894 4228 δεῖ
919 4173 973 4228 κιιθΙ
1000 4172 1169 4244 Ἠράκλειτον
1194 4167 1320 4242 λέγειν-

218 4267 359 4345 Origenes
373 4287 397 4328 c.
413 4267 486 4328 Cels.
498 4288 526 4328 v.
542 4287 585 4341 14,
600 4289 628 4345 p.
642 4282 698 4343 247
710 4267 738 4348 (e
752 4269 836 4328 Celso
850 4290 856 4326 ε
878 4268 951 4328 conf.
967 4287 1012 4342 24,
1026 4288 1055 4344 p.
1069 4263 1153 4345 253):
1176 4268 1216 4322 καὶ
1230 4269 1321 4339 ψυχῆς

251 4427 361 4464 nxxxw.
378 4414 500 4464 ιινιιλεύοιν
511 4397 651 4464 Alexandri
663 4414 734 4463 codd.
771 4418 780 4472 ΙΙ
793 4413 890 4462 ἵσταται
902 4413 1042 4463 Alexandri
1053 4412 1122 4462 codd.
1159 4416 1168 4470 ΙΙ
1181 4410 1214 4473 μὴ
1225 4408 1322 4473 primus

218 4491 376 4542 adiciendum
388 4509 441 4543 esse
452 4493 515 4544 vidit
527 4493 679 4558 Bernaysius
715 4499 724 4554 ΙΙ
739 4489 878 4552 κινούμεναι
888 4493 956 4556 vulg.

745 4588 801 4636 1³2
