3252 5174
324 415 342 469 2
685 422 897 468 HPAKAEITOY
918 422 1060 470 ΕΦΕΣΙΟΥ

322 595 398 672 τοὸς
416 592 449 666 ὁὲ
467 593 588 673 ἄλλους
611 595 798 692 ἀνθρώπους
819 593 970 667 λανθάνει
995 596 1098 667 ὁκόσα
1121 595 1310 692 ἐγερθέντες
1331 597 1422 666 ποιέ-

322 738 405 792 ουσι,
422 707 573 803 ὅκωσπερ
591 707 694 778 ὁκόσα
713 705 855 784 εὸὁοντες
870 705 1155 779 ἐπιλανθάνονται.

837 903 905 968 ΙΙΙ.

318 1029 491 1127 Ἀξόνετοι
519 1035 713 1111 ἀκούσαντες
733 1040 876 1132 κωφοῖσι
899 1036 1032 1106 εὀίκασι·
1061 1033 1166 1132 φάτις
1189 1037 1318 1106 αι’ντοῖσι
1335 1065 1420 1130 μαρ-

320 1151 426 1248 τυρέει
444 1150 630 1249 παρεόντας
647 1152 786 1221 ἀπεῖναι.

317 1374 449 1443 πρότερον,
465 1368 520 1426 οἶον
533 1372 604 1440 ε’ντῇ
623 1372 690 1444 άρχῇ
709 1373 786 1427 αὐτοῦ
804 1376 850 1426 τοῦ
868 1374 1074 1444 συγγράμματος.
1096 1372 1167 1443 φησὶ
1184 1372 1243 1443 γάρ·
1265 1375 1317 1424 Τοῦ
1336 1373 1417 1443 λόγου

316 1471 364 1522 τοῦ
384 1467 486 1524 δέοντος
505 1467 544 1522 άεὶ
565 1467 680 1537 άξόνεται
700 1468 828 1541 ἅνθρωποι
847 1469 968 1541 γίνονται·
993 1469 1089 1538 ὁδηλον
1107 1469 1158 1541 γὰρ
1176 1471 1206 1523 τό
1224 1469 1264 1523 άεί
1278 1462 1340 1548 [αῖεί
1353 1469 1414 1527 cod.

316 1562 380 1621 Par.
402 1557 494 1643 1741]
514 1566 579 1636 πρὸς
598 1565 697 1640 ποτέρῳ
718 1566 757 1620 δεῖ
777 1565 863 1634 στέξαι
885 1559 976 1645 [vulg.
999 1563 1127 1634 διαστίξοι
1148 1583 1221 1622 corr.
1243 1559 1416 1644 Bekker]-·

317 1659 424 1720 Sextus
438 1659 550 1738 Empir.
564 1661 630 1720 adv.
645 1660 800 1720 11ωὸ.νί1.
818 1680 892 1737 13²:
915 1662 1083 1735 ἐναρχόμενος
1096 1668 1159 1737 γοῦν
1174 1669 1225 1719 τῶν
1237 1665 1298 1736 περὶ
1310 1663 1417 1736 φάσεως

316 1763 332 1815 ὁ
355 1757 535 1832 προειρημένος
558 1759 628 1832 άνὴρ,
650 1762 688 1815 καὶ
710 1763 806 1832 τρόπον
824 1762 881 1815 τινὰ
901 1761 998 1817 δεικνὺς
1020 1762 1050 1815 τό
1074 1762 1201 1833 περιέχον,
1223 1761 1298 1834 φησί·
1331 1764 1416 1834 Λόγου

315 1858 391 1913 τοῦδε
409 1860 494 1914 ἐόντος
509 1857 626 1927 άξόνετοι
643 1859 773 1931 γίγνονται
790 1859 919 1929 ἅνθρωποι
935 1859 977 1913 καὶ
994 1858 1136 1931 πρόσθενδ
1151 1859 1259 1913 ἀκοῦσαι
1279 1860 1320 1913 καὶ
1340 1858 1415 1914 ἀκαύ-

316 1977 408 2012 σαντες
428 1958 458 2010 τὸ
478 1960 587 2028 πρῶτον.
617 1955 755 2029 γινομένων
774 1957 825 2028 γάρ
846 1957 909 2010 κατὰ
929 1957 1073 2028 τὸνλόγον
1096 1957 1168 2010 τόνδε
1192 1955 1293 2028 ἄπειροι
1317 1956 1418 2012 εἀίκασι

315 2056 466 2128 τειρόμενοι
485 2053 566 2110 ἐπέων
586 2055 627 2109 καῖ
647 2055 729 2134 ἔργων
751 2053 873 2108 τοιοὸτων
896 2054 986 2108 ὁκοίων
1009 2055 1060 2126 ἐγὼ
1084 2054 1223 2126 διηγεῦμαι,
1245 2056 1308 2108 κατὰ
1334 2052 1417 2126 φόσιν

316 2152 432 2225 διαιρέων
459 2151 566 2208 ἕκαστον
593 2150 634 2208 καῖ
661 2151 766 2224 φράζων
791 2150 856 2207 ὁκως
882 2151 944 2223 ἔχει.
999 2151 1059 2207 τοὺς
1087 2151 1115 2206 δὲ
1143 2151 1242 2208 άλλονς
1269 2151 1417 2223 ἀνθρώπους

315 2250 433 2306 λανθάνει
460 2253 541 2306 ὁκόσα
569 2249 713 2322 ε’γερθέντες
739 2253 866 2313 ποιοῦσιν,
895 2247 1014 2321 ὅκωσπερ
1036 2251 1118 2304 ὁκόσα
1142 2247 1258 2305 εὕδοντες
1281 2249 1416 2304 ἐπιλανθά-

316 2345 573 2405 νονται-ΟΙειαεως
593 2345 677 2404 Alex.
701 2343 805 2404 Suom.
828 2363 855 2402 v.
875 2363 920 2418 14,
941 2364 969 2421 p.
987 2347 1045 2418 716
1068 2343 1225 2425 (=Euseb.
1248 2344 1281 2402 P.
1297 2343 1332 2403 E.
1351 2343 1413 2402 xiii.

320 2461 365 2518 13,
382 2463 409 2520 p.
427 2439 512 2521 680):
534 2445 650 2517 άντικρνς
670 2444 698 2498 δὲ
718 2448 733 2498 ὁ
751 2445 799 2514 μέν
818 2444 994 2516 Ἡράκλειτος,
1014 2447 1066 2499 Τοῦ
1085 2445 1165 2516 λόγου
1186 2447 1232 2498 τοῦ
1252 2444 1354 2500 δέοντας
1374 2444 1414 2499 ἀεί

298 2619 300 2624 ,
319 2537 384 2620 [αῖεί
394 2536 524 2621 Euseb.]‚
538 2543 629 2615 φησίν,
643 2540 760 2611 ἀξύνετοι
779 2542 908 2615 γίγνονται
928 2541 1056 2614 ὁνθρωπαι
1076 2543 1117 2596 καὶ
1137 2540 1253 2614 πρόσθεν
1272 2539 1287 2612 ἢ
1306 2541 1416 2596 ἀκοῦσαι

316 2639 357 2693 καὶ
377 2637 531 2698 ἀκούσαντες
550 2643 580 2695 τὸ
598 2637 922 2718 apum—Hippolytus
939 2641 1003 2698 Ref.
1021 2640 1098 2698 haer.
1114 2639 1155 2697 ix.
1174 2658 1210 2714 9:
1233 2639 1272 2694 ὅτι
1291 2641 1319 2694 δὲ
1337 2642 1417 2712 λόγος

317 2735 389 2793 ἐστὶν
402 2737 441 2793 ἀεὶ
454 2739 485 2793 τὸ
498 2741 549 2794 πᾶν
562 2739 603 2793 καὶ
616 2739 658 2794 διὰ
670 2742 765 2796 παντὸς
779 2738 820 2810 όν,
836 2737 916 2798 οὕτως
930 2739 1009 2812 λέγει·
1041 2743 1094 2793 Ταῦ
1107 2739 1136 2793 δὲ
1149 2741 1230 2811 λόγου
1249 2741 1296 2792 τοῦ
1315 2737 1417 2794 δέοντος

315 2835 355 2890 άεὶ
374 2834 491 2904 όξίινετοι
511 2835 623 2910 γίνονται
642 2836 770 2910 ἅνθρωποι
790 2838 831 2892 καὶ
850 2838 965 2910 πρόσθεν
984 2838 999 2908 ἢ
1021 2837 1130 2892 άκοῦσαι
1151 2837 1192 2891 καὶ
1212 2834 1365 2892 ἀκούσαντες
1385 2837 1416 2891 τὸ

315 2939 426 3006 πρῶτον.
466 2936 603 3008 γινομένων
615 2935 665 3008 γάρ
679 2937 780 2990 πάντων
793 2935 856 2990 κατά
869 2937 1005 3009 τὸνλόγον
1022 2935 1095 2990 τόνδε
1113 2933 1213 3006 άπειροι
1232 2934 1299 2988 εῖσὶν
1316 2933 1417 2991 εὀίκασι

316 3034 466 3104 πειρώμενοι
487 3034 528 3087 καῖ
547 3032 628 3088 έπέων
648 3033 689 3086 καὶ
709 3032 791 3105 ἔργων
811 3032 946 3088 τοιουτέων
966 3034 1043 3088 ὁποῖα
1065 3033 1115 3104 ε’γὸν
1140 3032 1278 3104 διγγεῦμαι,
1301 3031 1417 3104 διωρίαν

316 3130 379 3184 κατά
399 3129 482 3203 φάσιν
502 3130 542 3184 καὶ
562 3131 668 3202 φράζων
688 3128 752 3186 ὅκως
771 3127 1002 3202 έχει-Αωθὸἱιις
1024 3147 1070 3205 ap·
1092 3127 1196 3186 Euseb.
1215 3126 1247 3187 P.
1256 3126 1290 3184 E.
1309 3126 1349 3186 xi.
1368 3146 1414 3202 19,

314 3245 344 3303 p.
361 3240 419 3300 540
434 3225 587 3307 (=Oyriu.
602 3245 625 3284 ο.
640 3225 696 3285 Iul.
708 3223 770 3297 viii,
787 3231 843 3302 283
856 3225 904 3299 D3
926 3225 1096 3284 Theodorou
1110 3224 1233 3302 Therap.
1250 3223 1282 3282 ii.
1299 3244 1327 3301 p.
1345 3221 1412 3303 33):

317 3327 358 3381 καὶ
372 3325 446 3382 οὗτος
459 3326 508 3398 ὁρο
522 3324 581 3394 ἦνὸ
598 3327 677 3398 λόγος
693 3323 747 3381 καθ
763 3324 792 3381 ὁν
805 3327 854 3381 αῖεῖ
867 3325 928 3382 όνςα
941 3326 973 3380 τά
986 3328 1106 3398 γινόμενα
1119 3325 1226 3397 ἐγένετο,
1241 3325 1275 3381 ὧς
1296 3324 1328 3379 ὁν
1341 3323 1382 3378 καὶ
1400 3327 1415 3378 ό

315 3423 483 3497 Ἡράκλειτος
498 3421 771 3498 ἅξιώσειε-Βοςρῖα
786 3419 872 3480 Philo
893 3421 968 3495 Quis
986 3441 1041 3481 rer.
1057 3421 1116 3480 div.
1130 3421 1209 3480 haer.
1224 3440 1270 3496 43,
1286 3439 1314 3496 p.
1331 3433 1390 3494 505
1407 3438 1413 3478 :

316 3517 345 3576 έν
363 3523 414 3595 γὰρ
434 3524 464 3577 τό
483 3523 513 3591 ἐξ
529 3522 627 3594 ἀμφοῖν
639 3527 690 3577 τῶν
703 3517 829 3586 ἐναντίων,
845 3521 875 3576 οὸ
893 3521 1030 3592 τμηθέντος
1048 3523 1163 3594 γνάριμα
1181 3521 1213 3574 τὰ
1237 3519 1343 3576 ἐναντία.
1384 3519 1416 3572 οὔ

315 3617 384 3673 ταῦτ’
398 3620 479 3689 ἔστιν,
493 3617 508 3672 ό
521 3622 605 3691 φασιν
610 3618 736 3688 Ἕλληνες
748 3619 793 3674 τόν
806 3618 885 3692 μέγαν
898 3620 939 3674 καὶ
952 3618 1068 3688 ἀοίδιμον
1081 3617 1139 3691 παρ’
1151 3619 1236 3674 αιἰτοῖς
1244 3616 1413 3690 Ἠράκλειτον

315 3717 456 3788 κεφαλαιον
464 3719 509 3786 τῆς
522 3717 601 3772 αὐτοῦ
610 3717 823 3789 προστησάμενον
832 3714 997 3789 φιλοσοφίας
1010 3717 1098 3787 αὐχεῖν
1109 3717 1142 3773 ὧς
1156 3715 1199 3788 ἐφ’
1208 3715 1309 3787 εὑρέσει
1323 3718 1412 3785 καινῇ,

315 3810 481 3872 —Ioannes
503 3811 585 3872 Sicel.
606 3812 636 3870 in
650 3813 743 3872 Walz.
764 3811 862 3872 Rhea.
877 3810 929 3872 Gr.
943 3811 982 3870 vi.
997 3832 1025 3890 p.
1042 3826 1100 3888 95:
1129 3814 1170 3868 διὸ
1191 3813 1230 3867 καὶ
1244 3813 1413 3884 Ἡράκλειτος

315 3911 455 3984 ὁφυσικὸς
468 3913 498 3967 τὸ
511 3909 580 3967 διατί
598 3912 682 3984 θηρῶν
701 3912 832 3983 άνατέμνει
852 3913 914 3968 κατὰ
933 3913 1013 3982 μέλος
1032 3914 1062 3966 τό
1084 3913 1147 3978 ζῶον
1167 3910 1334 3984 ἐρωτώμενος·
1356 3909 1414 3964 ε’πεῖ

315 4011 369 4082 ἔχω
383 4013 428 4069 τὸν
442 4011 594 4067 διδάσκοντά
609 4033 641 4081 με
659 4011 704 4081 τὴν
718 4009 800 4084 φάσιν
816 4017 867 4066 τῶν
881 4011 968 4081 όντων,
982 4011 1133 4084 ἀπεκρίνατο
1152 4005 1412 4083 (narratiunculam

315 4125 332 4165 e
346 4111 444 4166 nostro
458 4107 620 4185 fragmento
635 4113 729 4166 ortam
742 4104 836 4185 puto);

355 4227 402 4272 m.
433 4212 565 4272 Clemens
585 4212 669 4274 Alex.
691 4212 798 4273 δίτονα.
818 4233 845 4271 v.
872 4231 916 4284 14,
938 4231 968 4288 p.
990 4214 1049 4286 718
1072 4209 1233 4292 (=Euseb.
1253 4209 1283 4266 P.
1299 4207 1334 4266 E.
1349 4207 1413 4265 xiii.

319 4330 365 4386 13,
379 4330 407 4388 p.
424 4308 514 4390 681):
536 4313 582 4368 κάν
595 4315 625 4368 τὸ
642 4313 719 4386 ῥγτὸν
739 4315 818 4368 έκεῖνο
838 4313 972 4386 ἀναγαγεῖν
992 4311 1083 4382 ε’θελῃς
1104 4315 1136 4366 ίὁ
1156 4312 1223 4383 έχων
1244 4309 1295 4364 ὦτα
1315 4307 1414 4365 άκοῦειν

348 4515 389 4551 111.
407 4501 524 4564 κωφοῖσιν
535 4501 604 4552 αοὸά.
618 4500 721 4550 Eusebii
757 4508 767 4563 ΙΙ
782 4497 875 4549 ἀπιέναι
891 4500 944 4549 cod.
959 4499 1103 4551 Clementis.
