3252 5174
407 745 805 849 ΗΡΑκΛυιυον
843 777 1104 852 υωΕΣιογ

570 972 696 1042 ΠΕΡι
732 975 943 1050 αννιυαν.

742 1199 771 1264 Ι.

208 1329 277 1398 Οῦκ
302 1330 376 1411 ἐμεῦ
401 1328 491 1402 ἀλλὰ
518 1336 579 1402 τοῦ
604 1331 712 1424 λόγου
741 1333 941 1409 ἀκούσαντας
970 1334 1164 1428 ὁμολογέειν
1192 1331 1306 1432 σοφόν

207 1444 294 1528 ἐστι,
306 1442 344 1514 ἐν
361 1443 471 1516 τόντα
489 1445 577 1517 εἶναι.

734 1569 782 1634 ΙΙ.

209 1669 282 1741 Τοῦ
298 1669 332 1741 ὁέ
354 1672 463 1765 λόγου
481 1671 570 1743 τοῦδ’
588 1674 699 1751 ἐόντος
719 1676 780 1746 αιέὶ
803 1672 949 1770 ἀξύνετοι
969 1679 1118 1770 γίνονται
1139 1675 1306 1776 ἅνθρωποι

208 1784 260 1854 καὶ
279 1785 424 1882 πρόσθεν
444 1785 462 1868 ’ἦ
480 1786 614 1857 ἆκοῦσαι
639 1788 691 1858 καὶ
715 1789 910 1865 ἆκοῦσαντες
930 1787 973 1860 τὸ
994 1794 1137 1886 πρῶτον.
1175 1790 1307 1881 γινομέ-

210 1927 267 1966 νων
293 1893 361 1994 γὰρ
387 1895 517 1969 πόντων
542 1896 627 1970 κατὰ
653 1897 713 1970 τὸν
735 1900 843 1992 λόγον
868 1898 963 1971 τόνὸε
988 1901 1155 1998 ἀπείροισι
1181 1903 1306 1973 ἐοίκασι

209 2010 399 2104 πειρώμενοι
424 2009 478 2079 καὶ
501 2011 601 2080 ἐτέων
625 2012 678 2080 καὶ
700 2012 805 2109 ἔργων
825 2014 998 2084 τοιουτέων
1018 2013 1130 2083 ὁκοίων
1153 2014 1219 2106 ἐγιὸ
1241 2013 1307 2096 ὁιη-

210 2125 337 2212 γεῦμαι,
356 2121 498 2218 ὁιαιρέων
519 2124 662 2194 ἕκαστον
678 2121 763 2194 κατὰ
789 2125 889 2219 φῦσιν
908 2125 961 2194 καί
979 2122 1117 2222 φράζων
1133 2125 1211 2202 ὅκως
1227 2125 1307 2221 ἔχει.

629 2371 894 2432 TESTIMONIA.

251 2518 273 2560 1.
296 2498 477 2579 Hippolytus
497 2503 560 2562 Res.
584 2503 662 2562 haer.
676 2503 715 2561 ix.
733 2525 771 2579 9:
792 2505 959 2578 Ἡράκλειτος
978 2507 1026 2576 μὲν
1046 2504 1092 2561 οῦν
1110 2507 1208 2569 <ἕν>
1227 2510 1311 2581 φησιν

210 2600 272 2659 εἶναι
286 2607 317 2660 τὸ
330 2609 390 2675 πᾶν,
404 2607 529 2679 διαιρετὸν
547 2607 695 2679 ἀδιαίρετον,
708 2608 814 2678 γενητὸν
831 2593 961 2679 ἀγένητον,
976 2606 1068 2677 θνητὸν
1083 2607 1215 2678 ἀθάνατον,
1228 2612 1310 2682 λόγον

210 2703 296 2772 αἰῶνα,
309 2703 406 2774 ποτέρα
419 2706 482 2774 υἱόν,
497 2704 556 2760 θεὸν
569 2705 671 2760 δίκαιον.
714 2705 767 2758 Οὔκ
781 2701 842 2773 ἐμοῦ
856 2703 925 2758 ἀλλὰ
942 2707 989 2758 τοῦ
1008 2702 1135 2778 δόγματος
1152 2705 1311 2763 ἀκούσοντας

211 2801 347 2872 ὁμολογεῖν
359 2802 446 2873 σοφόν
459 2801 539 2872 ἐστιν,
554 2798 582 2857 ἐν
599 2803 681 2857 πάντα
700 2801 799 2872 εἰδέναι,
813 2804 828 2856 ὁ
841 2797 1009 2874 Ἡράκλειτός
1027 2805 1105 2874 φησι·
1126 2805 1166 2858 καὶ
1180 2802 1220 2858 ὁτι
1233 2807 1310 2858 τοῦτο

210 2898 256 2952 αιἰκ
277 2895 353 2953 ἴσασι
373 2899 466 2955 πάντες
489 2900 547 2954 οὐδὲ
568 2901 751 2972 ὁμολογοῦσιν,
771 2900 940 2972 ἐπιμέμφεται
961 2900 1014 2954 ὁιὸἔ
1029 2917 1092 2958 πως·
1136 2903 1173 2955 ol
1194 2899 1311 2972 ξυνίασιν

211 2993 275 3051 ὁκως
295 2995 478 3068 διαφερόμενον
498 2998 583 3072 ἑωυτῷ
603 2996 747 3069 ὁμολογέει·
774 2997 947 3070 παλίντροπος
967 2997 1072 3070 ἁρμονίη
1093 2997 1212 3071 ὅκωσπερ
1232 2999 1310 3067 τόξου

210 3094 252 3147 καὶ
278 3091 364 3174 λύρης
384 3090 472 3170 (=fr.
496 3089 748 3170 XLV)-Respic.
770 3092 854 3178 ¹Philo
882 3093 952 3171 Leg.
976 3093 1059 3170 alleg.
1081 3093 1122 3153 iii.
1146 3112 1171 3170 3,
1193 3114 1221 3171 p.
1248 3096 1309 3154 88:

211 3191 226 3242 ὁ
239 3190 268 3244 tl
280 3190 428 3263 γονορρυὴς,
442 3191 471 3246 ἐκ
483 3194 582 3262 κόσμου
595 3193 677 3247 πάντα
691 3192 731 3246 καὶ
751 3193 787 3248 εἷς
805 3194 903 3262 κόσμον
920 3192 1027 3266 ἀνάγον,
1042 3194 1092 3249 ὑπὸ
1111 3193 1171 3248 θεοῦ
1185 3195 1213 3248 ὁέ
1232 3193 1311 3263 μηδὲν

211 3287 325 3357 οἰόμενος
344 3288 483 3360 γεγονέναι,
496 3287 689 3362 Ἡρακλειτείου
710 3289 785 3359 δόξης
805 3291 911 3362 ἑταῖρος,
926 3293 1002 3363 κόρον
1017 3292 1058 3346 καὶ
1070 3289 1256 3362 χρησμοσύνην
1269 3292 1310 3345 καὶ

211 3382 239 3439 ἓν
251 3386 281 3438 τὸ
294 3388 345 3439 πᾶν
359 3387 400 3440 καὶ
413 3387 495 3441 πάντα
509 3386 603 3456 ἀμοιβῇ
618 3389 737 3460 εἷσάγων.

252 3496 287 3538 11.
308 3479 483 3540 Aristoteles
508 3481 593 3540 Rhet.
621 3481 663 3540 iii.
688 3496 716 3556 5,
736 3501 766 3558 p.
789 3494 874 3556 1407,
896 3481 912 3540 ὁ
930 3500 983 3555 14:
1016 3485 1049 3538 τὰ
1070 3485 1121 3558 γὰρ
1140 3483 1311 3558 Ἡρακλείτου

211 3578 339 3648 ὁιαστίξαι
360 3581 436 3653 ἔργον
455 3581 497 3635 διὰ
516 3581 547 3635 τὸ
567 3580 663 3650 ἄδηλον
683 3577 744 3636 εἶναι
765 3582 867 3657 ποτέρῳ
887 3584 1044 3654 πρόσκειται,
1059 3586 1096 3658 τῷ
1115 3581 1225 3656 ὕστερον
1240 3582 1255 3654 ἢ
1273 3586 1310 3659 τῷ

535 3777 779 3856 κυνουΑυιο
801 3777 980 3839 οαιυιυκ.
1041 3771 1051 3782 '

243 3921 262 3957 1.
280 3907 339 3968 ἐμοῦ
353 3909 422 3972 vulg.
433 3925 494 3958 porr.
506 3909 619 3958 Mullaeh
644 3916 654 3970 ll
669 3908 747 3972 λόγου
763 3909 892 3974 Bernays:
909 3907 1030 3972 δόγματοι
1041 3909 1104 3966 ασελ,
1116 3907 1201 3972 Bergk
1229 3915 1239 3969 ΙΙ
1254 3907 1311 3968 ὁμο·

209 3984 294 4048 λογεΐν
305 3987 374 4050 vulg.
386 4003 448 4036 corr.
462 3988 575 4053 Βοτααγὸ
605 3994 614 4049 ΙΙ
630 3987 657 4035 ὲν
668 3987 722 4036 cod.
735 4002 797 4038 corr.
809 3986 898 4036 Miller
931 3988 941 4042 ΙΙ
956 3983 1014 4035 sivae
1026 3987 1126 4036 Miller:
1148 3984 1234 4034 εἰδέναι
1246 3986 1309 4043 eod„

210 4062 329 4128 Bernays.
341 4063 440 4127 Bergk:
457 4063 566 4127 γίνεσθαι
578 4065 694 4113 ΜαΙΙαολ
719 4071 729 4125 11
745 4065 882 4113 orationem
892 4063 929 4112 ita
940 4063 1158 4126 redintegrandam
1173 4061 1309 4111 arbitratur

209 4139 350 4202 Bergkius:
368 4138 469 4188 Δίκαιον
480 4140 524 4188 οὐκ
535 4139 595 4201 ἐμοῦ
605 4139 673 4188 ἀλλὰ
684 4140 728 4189 τοῦ
739 4138 861 4203 δόγματοι
870 4138 1020 4188 ἀκούσονται
1034 4137 1180 4202 ὁμολογέειν
1191 4137 1229 4188 ὁτι
1242 4136 1269 4188 ἓν
1279 4137 1310 4187 τὸ

209 4214 287 4278 σοφόν
298 4215 375 4273 ἐστιν,
387 4214 415 4265 ἓν
427 4214 506 4265 πάντα
517 4215 610 4268 είὸἐνοι.
1256 4249 1260 4258 ·

242 4310 272 4346 11.
288 4297 334 4346 τοῦ
350 4296 447 4347 δέονται
464 4299 610 4349 Aristotelis
622 4299 759 4349 Clementis
774 4299 908 4364 Hippolyti
923 4299 1026 4348 Eusebii
1039 4299 1150 4357 οοιΙίοεες
1166 4315 1191 4348 v.
1203 4297 1311 4362 Spengel

210 4375 243 4424 ad
254 4375 357 4425 Rhetl.
368 4376 385 4424 1.
405 4383 415 4437 n
430 4374 552 4441 ἀξύνετοι]
562 4376 628 4440 ferai
639 4379 694 4427 cod.
703 4377 838 4442 Hippolyti
857 4384 866 4439 ΙΙ
880 4375 995 4440 ἀπείροισι
1003 4377 1130 4442 Bernays:
1147 4374 1238 4441 ἄπειροι
1250 4374 1311 4424 clrlr

210 4451 347 4517 Hippolyti
357 4453 411 4503 cod.
437 4460 448 4515 ΙΙ
463 4453 614 4518 τειρεόιμενοι
628 4455 717 4504 Cruiee
742 4462 753 4516 11
768 4453 863 4517 διερέων
874 4454 1007 4520 Hippolyti
1015 4455 1067 4504 eod.
1093 4462 1103 4517 11
1119 4455 1228 4506 ποιοῦσιν
1239 4453 1309 4503 οοὸὁ.

215 4529 287 4578 Sexti
298 4546 359 4580 corr.
371 4530 494 4581 Mullach.

222 4601 255 4646 ²¹⁴
749 4633 769 4674 υ
