3252 5174
689 448 902 497 ΗΡΑΚΛΕΙΤΟΥ
923 447 1065 497 ΕΦΕΣΙΟΥ

810 694 937 765 CXIII.

324 833 388 914 Hic
405 837 476 921 ε’μοί
494 837 612 935 μόριοι,
630 835 683 909 ἐὰν
701 836 840 937 ε’ίριστος
857 839 885 934 fi.

815 1054 935 1119 CXIV.

315 1187 440 1286 Ἄξιον
456 1189 636 1290 Ἐφεσίοις
654 1190 775 1280 ήβηδδν
791 1192 1014 1288 ἀπάγξασθαι
1028 1193 1113 1263 πᾶσι
1128 1189 1182 1264 καί
1199 1202 1271 1271 τοῖς
1289 1193 1425 1284 ἀνήβοις

322 1305 383 1387 τήν
410 1304 510 1376 πόλιν
536 1312 740 1391 καταλιπεῖν,
772 1307 886 1382 οἵτινες
913 1303 1131 1402 Ἑρμόδωρον
1165 1304 1266 1403 ἄνδρα
1301 1310 1425 1380 ἑωυτῶν

323 1418 476 1500 ὀνήιστον
499 1417 670 1514 ἐξέβαλον,
693 1414 827 1514 φάντες·
851 1417 951 1500 ήμέων
975 1416 1055 1501 μηδὲ
1081 1415 1124 1495 είς
1147 1421 1299 1502 ὀνήιστος
1324 1422 1423 1506 ἔστω,

323 1531 352 1602 εἰ
371 1526 405 1600 δὲ
428 1533 484 1614 μή,
505 1528 592 1624 ἄλλῃ
615 1530 729 1601 τεκαὶ
752 1528 825 1613 μετ’
854 1528 976 1602 ἄλλων.

363 1799 452 1843 cx111.
473 1781 601 1843 Galenus
614 1788 673 1861 περὶ
687 1788 849 1860 διαγνώσεως
868 1788 998 1860 σφυγμῶν
1011 1785 1030 1844 i.
1044 1805 1078 1858 13
1100 1790 1122 1844 t.
1140 1805 1167 1860 3,
1181 1805 1209 1863 p.
1227 1799 1264 1860 53
1280 1785 1324 1844 ed.
1340 1786 1421 1847 Bes:

321 1887 434 1938 τοιοῦτοι
457 1879 482 1938 δ’
502 1885 555 1939 εἶσὶ
578 1887 709 1942 παντελῶς
731 1885 817 1958 ὀλίγοι
836 1887 887 1939 τῶν
901 1889 953 1939 νῦν·
974 1885 1043 1940 ἀλλὰ
1060 1885 1122 1940 κατὰ
1140 1885 1185 1941 τὸν
1197 1885 1366 1958 Ἠράκλειτον
1386 1885 1423 1944 εἶς

321 1981 378 2050 ε’μοδ
391 1979 485 2054 μύριοι,
497 1985 538 2036 καὶ
550 1983 621 2052 ἥδιον
635 1983 666 2040 όν
679 1982 739 2040 τοὺς
753 1986 848 2056 λόγους
860 1984 926 2056 πρὸς
938 1987 1031 2038 τοῦτον
1044 1985 1089 2039 τόν
1103 1983 1146 2039 ἕνα
1158 1984 1314 2055 ποιησαίμην
1327 1983 1342 2056 ή
1357 1988 1423 2058 πρδς

320 2079 381 2136 τοὺς
392 2077 498 2153 μυρίους
508 2081 569 2138 τοὺς
582 2082 637 2138 ἕνδς
650 2081 666 2152 ἢ
681 2082 783 2138 οὐδενὸς
796 2081 884 2149 ἀξίους
894 2079 1257 2156 Bernays—Symmachus
1271 2081 1364 2158 Epist.
1380 2082 1421 2142 in.

324 2189 381 2250 115
404 2173 476 2255 (105
498 2175 746 2258 cd.Per.1604):
775 2177 882 2236 iudicio
903 2182 954 2236 tuo
975 2183 1006 2236 et
1025 2177 1166 2237 similium
1187 2183 1339 2238 contentus
1359 2199 1422 2240 csse

321 2271 455 2332 deberem
477 2318 483 2334 .
507 2319 514 2334 .
536 2319 543 2333 .
564 2276 723 2334 secundum
738 2275 922 2335 Heraclitum
935 2275 1088 2352 physicum
1103 2276 1154 2354 qui
1168 2297 1312 2336 summam
1326 2278 1421 2338 leudis

320 2370 516 2431 arbitrabatur
536 2373 649 2450 placere
667 2374 719 2433 uni
738 2373 852 2432 siesset
867 2375 994 2451 optimus
1008 2374 1059 2452 qui
1073 2375 1421 2452 preberet-Theodorus

320 2467 496 2532 Prodromus
516 2471 548 2530 ln
572 2471 685 2530 Laterii
706 2471 828 2530 Miscell.
850 2472 869 2530 l.
890 2493 920 2549 p.
944 2491 1001 2532 20:
1031 2475 1054 2529 εί
1073 2477 1124 2549 γὰρ
1149 2478 1164 2529 ὁ
1189 2472 1225 2532 εἷς
1244 2475 1336 2546 μύριοι,
1358 2477 1419 2548 παρ’

319 2568 486 2646 Ἡρακλείτῳ,
501 2571 546 2625 ε’δν
559 2571 665 2644 ἄριστος
678 2565 703 2643 ᾖ,
717 2573 818 2628 πάντως
836 2573 877 2626 καὶ
895 2571 910 2640 ἡ
929 2573 975 2642 μία
992 2572 1105 2644 χελιδὼν
1118 2573 1174 2628 ἀντὶ
1186 2574 1284 2645 μυρίων
1296 2569 1420 2645 λογίζοιτ’

320 2671 351 2740 δν
371 2671 415 2725 etv
434 2673 561 2744 κληρῶται
581 2674 611 2728 τδ
630 2669 864 2745 &pteron—Idem
884 2669 1054 2730 Tetrastich.
1079 2670 1111 2729 in
1131 2671 1219 2730 Basil.
1243 2691 1256 2730 1
1280 2671 1342 2746 (fol.
1363 2696 1378 2728 κ
1401 2691 1418 2729 2

319 2787 393 2830 vers.
408 2768 451 2826 cd.
468 2767 568 2848 Bas.):
597 2771 671 2844 αὐχεῖ
686 2771 732 2841 μὲν
743 2770 840 2826 Ἑλλὰς
852 2771 957 2842 μυρίους
976 2770 1036 2827 τοὺς
1049 2771 1175 2844 ἐκγόνους,
1190 2773 1265 2843 αὐχεῖ
1278 2772 1307 2826 δὲ
1320 2775 1420 2828 Πόντος

319 2868 364 2923 τὸν
384 2869 520 2924 Βασίλειον
538 2872 616 2942 μόνον
636 2870 677 2923 καὶ
697 2871 861 2924 κατοποντεῖν
876 2861 914 2947 [l]
934 2872 970 2942 τῷ
990 2870 1060 2942 καλῷ
1080 2868 1126 2938 τήν
1145 2868 1270 2925 Ἐλλάδα.
1301 2866 1337 2926 εἷς
1357 2870 1418 2942 γὰρ,

319 2963 373 3026 καθ
387 2963 562 3037 Ἡράκλειτον,
577 2966 634 3022 ἐστὶ
646 2963 890 3040 pcipwc—Resplc.
904 2963 1085 3042 Epigramm.
1100 2985 1146 3042 ap.
1162 2964 1247 3040 Diog.
1263 2964 1358 3023 Lucri.
1375 2963 1420 3024 ix.

322 3062 358 3119 16
374 3057 518 3139 (zAnth.
538 3060 601 3121 Pal.
614 3061 665 3120 vll.
684 3058 771 3141 128):
802 3059 836 3119 εἷς
851 3065 907 3132 ἐμοὶ
920 3063 1052 3135 ἅνθρωπος
1065 3063 1219 3135 τρισμύριοι·
1240 3067 1265 3119 οἱ
1278 3063 1300 3119 δ
1314 3063 1419 3134 ἀνάριθ-

317 3183 362 3233 μοι
382 3161 472 3219 οόδείς·
497 3163 566 3218 ταῦτ’
580 3163 648 3218 αὐδῶ
667 3165 708 3217 καὶ
725 3161 795 3233 παρὰ
809 3162 964 3233 Περσεφόνῃ
985 3157 1013 3239 (e
1033 3148 1164 3236 Diogede
1185 3180 1238 3219 sua
1258 3161 1419 3220 hauserunt

318 3255 542 3336 Olympiodorus
565 3258 676 3318 Comm.
697 3258 729 3316 in
750 3257 825 3316 Plet
846 3257 935 3335 Gorg.
956 3277 985 3334 p.
1002 3260 1057 3332 267
1082 3259 1125 3318 ed.
1147 3257 1240 3331 Iehn„
1261 3264 1291 3318 et
1311 3257 1419 3318 Suides

317 3375 339 3415 s.
354 3376 383 3416 v.
404 3355 713 3436 deaptdpqroc)-Oonf.
735 3355 836 3416 Cicero
860 3355 899 3414 cd
922 3354 986 3414 Att.
1008 3355 1067 3415 xvi.
1094 3375 1151 3414 11:
1186 3361 1221 3416 tu
1245 3376 1314 3416 vero
1339 3357 1418 3434 leges

317 3452 415 3527 Sexte,
436 3455 556 3533 eiusque
577 3454 718 3513 iudicium
742 3452 814 3510 mihi
837 3453 1013 3530 perscribes:
1042 3453 1078 3514 εἷς
1102 3456 1158 3526 ἐμοὶ
1180 3454 1418 3530 ptpeoc-Senecc

316 3552 411 3630 Epist.
427 3567 464 3630 7:
487 3553 672 3613 Democritus
691 3552 754 3611 ait:
776 3552 862 3611 Unus
884 3551 956 3615 mihi
974 3571 1027 3628 pro
1048 3552 1156 3629 populo
1175 3558 1227 3626 est,
1242 3556 1272 3611 et
1291 3553 1417 3631 populus

314 3670 369 3729 pro
382 3671 450 3712 uno.

357 3766 440 3809 cm.
464 3748 569 3809 Strabo
593 3749 652 3808 xlv.
679 3765 726 3825 25,
747 3769 775 3826 p.
799 3751 875 3822 642:
903 3749 993 3822 ἄνδρες
1015 3749 1037 3804 δ’
1058 3750 1195 3824 ἀξιόλογοι
1222 3755 1360 3826 γεγόνασιν
1388 3751 1416 3805 ἐν

314 3849 378 3918 οὔτῇ
399 3855 450 3906 τῶν
469 3849 516 3920 μὲν
535 3852 652 3904 πολοιῶν
670 3847 837 3922 Ἡράκλειτός
856 3870 885 3902 τε
906 3850 921 3900 ὁ
943 3847 1073 3919 σκοτεινὸς
1093 3847 1248 3918 καλούμενος
1268 3849 1309 3902 καί
1320 3848 1415 3921 Ἑρμό-

314 3949 404 4020 δωρος,
418 3949 477 4021 περὶ
498 3946 528 4002 οὗ
549 3952 564 4003 ὁ
584 3948 660 4004 αὐτὸς
679 3945 754 4003 οὗτός
766 3947 857 4017 φησιν·
873 3943 965 4014 Ἀξιον
979 3943 1115 4016 Ἐφεσίοις
1128 3945 1225 4015 ἡβηδὸν
1238 3945 1415 4018 ἀπάγξασθαι,

313 4047 405 4104 οἵτινες
416 4046 579 4120 Ἑρμόδωρον
595 4046 674 4117 ἄνδρα
693 4047 792 4099 ε’ωντῶν
810 4041 929 4112 ὀνήιστον
946 4042 1071 4110 ἐξέβαλον
1084 4044 1189 4114 φάντες·
1209 4043 1292 4115 ἡμέων
1301 4044 1364 4114 μηδὲ
1379 4040 1416 4101 εἷς

313 4143 433 4216 ὀνήιστος
446 4147 522 4216 ἔστω,
538 4146 560 4200 εἰ
580 4144 608 4199 δὲ
628 4144 670 4214 μή,
686 4142 754 4212 ἄλλῃ
774 4164 803 4196 τε
824 4143 864 4195 καὶ
884 4139 938 4211 μετ’
954 4139 1051 4196 ἄλλων.
1093 4140 1163 4194 δοκεῖ
1183 4140 1205 4194 δ’
1220 4139 1294 4197 οὗτος
1315 4143 1330 4194 ὁ
1349 4141 1413 4214 ἀνὴρ

313 4248 405 4315 νόμους
422 4244 491 4300 τινὰς
504 4242 636 4313 Ῥωμαίοις
655 4242 757 4314 συγγρά
783 4262 809 4294 οι
825 4240 864 4311 (v.
881 4236 973 4296 Cobet
988 4236 1096 4296 Mnem.
1111 4235 1150 4296 N.
1165 4235 1195 4296 S.
1211 4255 1239 4310 4,
1253 4258 1283 4315 p.
1301 4236 1414 4317 196)—

228 4333 231 4340 ’
313 4341 414 4401 Cicero
435 4341 518 4400 Tusc.
537 4360 564 4398 v.
584 4353 662 4414 105:
692 4342 736 4397 cst
754 4335 832 4414 upud
850 4335 1034 4395 Heraclitum
1051 4334 1204 4412 physicum
1224 4336 1260 4394 de
1279 4335 1413 4413 principe

311 4437 505 4517 Ephesiorum
524 4435 725 4496 Hermodoro:
753 4433 914 4494 Universos
928 4433 972 4492 eit
984 4431 1126 4509 Ephesios
1145 4451 1206 4490 esse
1225 4439 1318 4491 morte
1336 4433 1413 4491 mul-

311 4537 425 4611 tandos,
439 4535 516 4614 quod
528 4556 594 4594 cum
613 4534 730 4598 civitate
744 4531 926 4609 expellerent
936 4530 1154 4590 Hermodorum
1168 4529 1213 4590 ite
1225 4529 1317 4591 locuti
1329 4528 1407 4590 sint:
