3252 5174
645 466 827 512 rnnnrnrro.
1251 449 1284 512 xi

188 636 337 694 Clemente
361 640 458 695 autem
481 654 515 693 ac
539 635 656 694 Plotino
680 636 784 695 saltem
807 636 882 694 nihil
906 637 1080 714 negaverim,
1105 637 1160 697 etsi
1183 638 1283 698 videor

185 733 257 791 mihi
271 734 369 793 videre
389 734 528 792 nonnulla
541 734 629 792 etiam
642 735 696 793 hos
715 736 752 793 ab
765 735 831 794 aliis
844 735 1046 812 desumpsisse.
1088 736 1132 794 Ut
1149 742 1184 794 ut
1198 743 1283 795 est-

186 839 215 891 et
239 832 270 890 in
295 853 326 891 re
350 832 529 908 incomperta
548 852 607 890 non
628 838 673 891 est
692 839 800 892 temere
824 852 877 891 nec
901 834 937 891 de
960 832 1095 892 omnibus
1115 835 1282 912 negandum

185 929 301 988 -illud
318 935 435 989 tantum
454 936 583 988 monstro
602 936 764 1007 statuoque,
779 931 857 1008 apud
876 930 1004 1001 seriores,
1020 931 1112 991 sicubi
1130 952 1176 991 res
1194 933 1283 992 altius

185 1028 354 1105 investigari
368 1032 472 1106 potest,
487 1030 587 1087 crebra
600 1028 707 1087 indicia
723 1029 802 1087 cerni
812 1021 1024 1105 interpretum,
1039 1030 1075 1089 ab
1090 1029 1154 1088 aliis
1168 1037 1283 1108 accepta

184 1127 261 1184 tradi
275 1127 444 1202 fragmenta,
459 1146 511 1185 nec
524 1145 577 1185 sua
595 1125 651 1185 sibi
668 1125 856 1204 quamquain
870 1126 946 1185 libro
960 1126 1116 1204 archetypo
1130 1128 1281 1188 invenisse.

186 1224 267 1297 Quae
276 1244 342 1284 cum
350 1223 392 1282 ita
401 1225 468 1297 sint,
477 1244 535 1282 non
546 1244 607 1283 esse
615 1223 785 1300 fragmentis
794 1224 928 1283 omnibus
939 1225 1059 1282 eandem
1069 1225 1157 1283 fidem
1167 1230 1197 1284 et
1207 1226 1282 1285 ratio

185 1323 228 1382 rei
241 1324 325 1383 docet
339 1327 370 1382 et
383 1344 429 1382 res
442 1323 507 1399 ipsa
520 1324 653 1383 declarat
699 1324 744 1383 Ut
760 1322 865 1383 habeat
883 1343 989 1401 magna
1006 1343 1073 1400 pars
1092 1325 1283 1402 reliquiarum

186 1440 285 1480 omncs
306 1420 439 1481 veritatis
463 1440 605 1493 numeros,
631 1427 700 1480 sunt
720 1427 817 1480 tamen
839 1440 896 1479 non
917 1440 1007 1498 pauca
1028 1442 1102 1499 quae
1122 1423 1283 1484 deformata

185 1539 218 1578 ac
233 1520 354 1578 fortasse
368 1519 486 1577 omnino
501 1525 609 1578 novata
626 1519 712 1577 hodie
728 1519 883 1597 leguntur;
906 1538 979 1595 quae
996 1520 1151 1580 sollicitare
1167 1521 1282 1582 reficere

185 1616 321 1676 Ionismis
334 1618 493 1695 praelinere
512 1618 549 1675 ad
568 1617 741 1677 severiorem
760 1616 890 1694 regulam
907 1617 1023 1694 exigere
1037 1638 1129 1679 vanus
1142 1619 1225 1678 labor
1238 1627 1282 1680 est

186 1722 215 1774 et
236 1715 356 1775 otiosus.
398 1715 484 1789 Quod
505 1716 643 1774 admonui
663 1715 772 1791 partim
797 1714 942 1773 Heracliti
962 1735 1046 1775 causa
1066 1716 1176 1793 partim
1197 1738 1281 1792 mea3

185 1834 253 1874 nam
274 1815 417 1891 quaedam
436 1814 504 1873 dedi
522 1834 595 1891 qnae
614 1815 681 1872 nolo
702 1814 818 1882 credere
842 1834 859 1872 a
883 1818 982 1873 nostro
1003 1815 1045 1874 ita
1063 1835 1125 1874 esse
1144 1817 1281 1892 profecta,

185 1913 296 1972 intacta
308 1917 407 1971 autem
425 1913 565 1988 quaedam
579 1912 685 1989 reliqui
706 1932 779 1988 quae
792 1911 843 1970 alii
856 1932 960 1988 parum
981 1912 1057 1971 felici
1076 1919 1139 1973 arte
1156 1919 1281 1994 tempta·

185 2017 291 2094 verrmt
305 2011 387 2087 quasi
400 2010 493 2087 ipsam
508 2009 653 2070 Heracliti
666 2031 785 2068 manum
798 2010 972 2069 restituturi.

226 2110 311 2183 Quod
322 2110 359 2167 ad
372 2109 529 2168 dialectum
539 2109 767 2185 fragmentorum
777 2107 898 2179 adtinet,
910 2128 968 2165 non
978 2109 1166 2186 suppeditant
1177 2111 1282 2188 quibus

184 2207 253 2265 freti
267 2208 303 2265 do
312 2206 447 2265 universa
455 2205 599 2266 Heracliti
609 2204 753 2264 locutione
763 2205 1003 2282 pronuntiemus:
1021 2207 1194 2267 veterrimae
1203 2210 1282 2268 enim

184 2308 266 2365 Ἰάδος
286 2307 363 2383 leges
385 2313 414 2364 et
434 2306 591 2365 varietates
611 2306 739 2364 nondum
764 2312 930 2382 perspectae
955 2304 1039 2364 nobis
1063 2311 1093 2365 et
1116 2307 1282 2384 exploratae

186 2409 263 2477 sunt,
278 2404 438 2481 Ephesiaca
450 2404 589 2463 dialectus
604 2424 675 2482 quas
693 2404 884 2481 proprietates
898 2403 1033 2463 habuerit
1046 2405 1180 2478 nescitur,
1196 2426 1233 2464 ne
1247 2407 1283 2466 de

187 2502 356 2561 Herodotea
380 2503 496 2579 quidem
521 2502 657 2580 loquendi
685 2502 797 2561 ratione
824 2502 894 2560 satis
916 2508 1030 2560 constat
1058 2502 1136 2561 inter
1159 2522 1207 2562 eos
1231 2505 1282 2581 qui

186 2602 336 2662 Herodoto
349 2622 466 2679 operam
480 2601 631 2662 dederunt.
670 2600 791 2660 Accedit
804 2602 882 2678 quod
895 2607 1026 2660 auctores
1040 2601 1133 2661 nostri
1148 2622 1199 2660 sua
1213 2603 1282 2662 scri-

184 2702 323 2761 barumve
343 2701 455 2761 incuria
473 2700 638 2779 saepissime
658 2700 700 2758 ita
719 2700 887 2758 Heraclitea
906 2699 1090 2758 tradiderunt
1111 2706 1145 2759 ut
1165 2699 1282 2760 dialecti

185 2799 308 2876 vestigia
322 2800 473 2857 obscurata
492 2798 579 2856 modo
595 2799 705 2856 lateant
723 2798 873 2857 interdum
888 2816 1006 2874 prorsus
1022 2798 1116 2856 deleta
1133 2798 1281 2875 perierint.

185 2899 267 2972 Quae
293 2897 418 2974 praefati
444 2896 599 2955 dialectum
628 2896 831 2962 Heracliteam
860 2896 956 2973 quoad
986 2915 1020 2954 ea
1047 2915 1083 2954 cx
1110 2896 1283 2972 fragmentis

185 2995 314 3073 recolligi
328 3001 432 3072 potest,
446 2995 573 3054 breviter
586 2995 813 3071 perstringamus
827 2999 942 3070 atquae
956 2993 987 3051 in
1000 2993 1144 3059 locutione
1157 2995 1283 3054 maxime

185 3093 325 3154 notabilia
338 3093 492 3151 videantur
505 3092 536 3150 in
553 3113 612 3151 uno
631 3100 785 3169 conspectu
803 3092 909 3151 collata
929 3111 1134 3151 recenseamus
1178 3093 1283 3152 Obelos

185 3191 305 3269 praefixi
332 3190 537 3250 vocabulorum
567 3189 668 3250 formis
703 3210 777 3268 quae
804 3191 835 3247 in
871 3190 1035 3249 coniectura
1068 3197 1186 3248 tantum
1219 3211 1283 3250 mea

186 3289 315 3348 alienave
342 3289 496 3361 nituntur;
528 3287 554 3346 si
578 3288 610 3346 in
639 3308 696 3364 quo
720 3288 850 3364 quidque
871 3288 1033 3364 fragmento
1054 3288 1220 3347 inveniatur
1239 3309 1283 3348 rc-

186 3386 293 3464 quiras‚
308 3386 375 3445 vide
389 3386 428 3445 sis
441 3387 595 3444 verborum
610 3385 741 3444 Indicam
755 3387 793 3444 ad
807 3386 914 3444 calcem
927 3384 1014 3444 huius
1027 3385 1127 3445 libelli.

226 3484 253 3544 Ι.
275 3484 320 3542 De
340 3484 441 3544 hiatu:
464 3504 554 3556 sumo,
575 3484 624 3542 sed
642 3502 688 3542 res
706 3484 898 3542 demonstrari
918 3483 1030 3560 nequit,
1052 3494 1075 3540 N
1097 3485 1285 3557 &petaurista

186 3583 263 3659 apud
281 3583 465 3642 Heraclitum
485 3602 599 3658 semper
612 3582 743 3640 demisse.
786 3582 904 3643 Vocalis
918 3582 949 3640 in
964 3581 1020 3640 fine
1037 3581 1283 3659 praepositionum

186 3682 234 3751 ἐπί,
251 3683 320 3751 κατά,
335 3680 406 3751 μετά,
421 3680 490 3752 παρά
506 3679 680 3755 ubicumque
699 3678 770 3737 elidi
790 3684 906 3757 poterat
926 3678 998 3738 elisa
1018 3683 1080 3750 est;
1102 3699 1142 3750 ao,
1165 3679 1190 3736 si
1211 3679 1283 3737 fides

186 3777 277 3848 libris,
292 3776 406 3854 scripsit
420 3776 588 3834 Heraclitus
602 3777 691 3834 etiam
704 3779 747 3850 ἐφ’
758 3779 845 3851 ἡμέρῃ,
861 3779 915 3834 καθ
930 3779 1020 3849 ἡδονήν
1033 3782 1083 3834 κτὲ.
1099 3774 1200 3856 (semel
1213 3797 1283 3835 vero

187 3878 236 3932 ὑπὸ
250 3873 326 3953 ἑνός).
367 3874 406 3932 In
420 3874 483 3950 ipso
503 3874 711 3932 vocabulorum
725 3894 843 3951 corpore
863 3875 985 3933 solutior
998 3875 1173 3952 syllabarum
1190 3874 1283 3932 forma

186 3991 393 4050 nonnunquam
401 3978 540 4042 Servatur,
551 3992 575 4030 θ.
581 3991 608 4048 g.
618 3969 696 4043 didas,
707 3973 873 4046 ἅρηιφάτους,
882 3976 1017 4043 βασιληίη,
1026 3975 1151 4043 ὀνήιστος,
1161 3972 1280 4045 ῒχρηίζη,

187 4073 252 4144 νόος,
266 4076 334 4147 φάος
347 4068 412 4149 (sed
426 4072 480 4127 καθ
493 4071 563 4143 ᾅδην,
577 4068 656 4142 ᾆσμα,
671 4072 767 4142 baddau,
783 4073 900 4142 συνᾷδον,
916 4071 1078 4141 ἀνθρώπειος,
1094 4064 1230 4145 μαντεῖον).

228 4169 270 4228 Π.
298 4169 334 4225 In
361 4188 393 4227 re
420 4167 642 4245 orthographica
665 4166 735 4226 haec
764 4187 837 4244 quae
861 4172 1022 4243 sequuntur
1045 4168 1126 4224 Ἰάδος
1153 4167 1284 4244 exempla

187 4271 321 4326 notamus
332 4286 381 4324 :-

269 4390 283 4421 κ
320 4387 353 4416 =
367 4389 388 4421 π
421 4383 427 4422 :
450 4365 502 4434 ὅκῃ,
518 4367 610 4430 ὁκοῖον,
625 4366 726 4433 ὁκόσον,
741 4362 805 4420 ὅκως
818 4365 868 4419 κτέ.
883 4360 953 4439 (sed,
970 4360 995 4419 si
1013 4359 1100 4418 lectio
1119 4379 1195 4432 sunu,
1208 4364 1281 4431 ποτέ,

471 4458 546 4538 πῶς).

267 4586 281 4617 ν
320 4584 351 4612 =
366 4586 398 4634 γν
420 4581 426 4616 :
448 4561 574 4632 placatior,
588 4561 731 4632 γινώσκειν.
