<?xml version="1.0" encoding="UTF-8"?>
<!DOCTYPE html PUBLIC "-//W3C//DTD XHTML 1.0 Transitional//EN"
    "http://www.w3.org/TR/xhtml1/DTD/xhtml1-transitional.dtd">
<html xmlns="http://www.w3.org/1999/xhtml" xml:lang="en" lang="en">
 <head>
  <title>
</title>
<meta http-equiv="Content-Type" content="text/html;charset=utf-8" />
  <meta name='ocr-system' content='tesseract 3.04.00' />
  <meta name='ocr-capabilities' content='ocr_page ocr_carea ocr_par ocr_line ocrx_word'/>
</head>
<body>
  <div class='ocr_page' id='page_1' title='image "./heraclitiephesi00heragoog_0094.png"; bbox 0 0 3252 5174; ppageno 0'>
   <div class='ocr_carea' id='block_1_1' title="bbox 605 437 1284 497">
    <p class='ocr_par' dir='ltr' id='par_1_1' title="bbox 605 437 1284 497">
     <span class='ocr_line' id='line_1_1' title="bbox 605 437 1284 497; baseline -0.009 0"><span class='ocrx_word' id='word_1_1' title='bbox 605 451 766 497; x_wconf 76' lang='grc' dir='ltr'>κςνυαυικ</span> <span class='ocrx_word' id='word_1_2' title='bbox 781 469 824 482; x_wconf 87' lang='grc'>-</span> <span class='ocrx_word' id='word_1_3' title='bbox 839 453 871 495; x_wconf 88' lang='lat' dir='ltr'>v.</span> <span class='ocrx_word' id='word_1_4' title='bbox 1246 437 1284 492; x_wconf 86' lang='grc'>75</span> 
     </span>
    </p>
   </div>
   <div class='ocr_carea' id='block_1_2' title="bbox 146 622 1294 1876">
    <p class='ocr_par' dir='ltr' id='par_1_2' title="bbox 146 622 1294 1876">
     <span class='ocr_line' id='line_1_2' title="bbox 187 622 1289 698; baseline -0.005 -14"><span class='ocrx_word' id='word_1_5' title='bbox 187 628 209 684; x_wconf 74' lang='grc' dir='ltr'>δ’</span> <span class='ocrx_word' id='word_1_6' title='bbox 225 628 261 682; x_wconf 80' lang='grc' dir='ltr'>δν</span> <span class='ocrx_word' id='word_1_7' title='bbox 278 627 323 682; x_wconf 80' lang='grc' dir='ltr'>οὐκ</span> <span class='ocrx_word' id='word_1_8' title='bbox 339 626 408 698; x_wconf 80' lang='grc' dir='ltr'>ἀρκῶ</span> <span class='ocrx_word' id='word_1_9' title='bbox 428 629 506 683; x_wconf 85' lang='grc' dir='ltr'>πόλιν</span> <span class='ocrx_word' id='word_1_10' title='bbox 525 627 649 694; x_wconf 85' lang='grc' dir='ltr'>κολάζειν.</span> <span class='ocrx_word' id='word_1_11' title='bbox 673 626 811 696; x_wconf 74' lang='grc' dir='ltr'>θαυμάζετε</span> <span class='ocrx_word' id='word_1_12' title='bbox 832 623 854 679; x_wconf 83' lang='grc' dir='ltr'>εί</span> <span class='ocrx_word' id='word_1_13' title='bbox 874 624 940 694; x_wconf 86' lang='grc' dir='ltr'>μηδέ</span> <span class='ocrx_word' id='word_1_14' title='bbox 958 645 998 678; x_wconf 91' lang='grc' dir='ltr'>πω</span> <span class='ocrx_word' id='word_1_15' title='bbox 1016 625 1095 696; x_wconf 86' lang='grc' dir='ltr'>γελῶ,</span> <span class='ocrx_word' id='word_1_16' title='bbox 1111 623 1162 694; x_wconf 74' lang='grc' dir='ltr'>ἐγὼ</span> <span class='ocrx_word' id='word_1_17' title='bbox 1180 622 1210 676; x_wconf 80' lang='grc' dir='ltr'>δὲ</span> <span class='ocrx_word' id='word_1_18' title='bbox 1228 623 1289 679; x_wconf 80' lang='grc' dir='ltr'>τοὺς</span> 
     </span>
     <span class='ocr_line' id='line_1_3' title="bbox 186 721 1289 800; baseline -0.005 -19"><span class='ocrx_word' id='word_1_19' title='bbox 186 729 317 800; x_wconf 73' lang='grc' dir='ltr'>γελῶντας</span> <span class='ocrx_word' id='word_1_20' title='bbox 337 724 378 780; x_wconf 88' lang='grc' dir='ltr'>ότι</span> <span class='ocrx_word' id='word_1_21' title='bbox 397 724 542 781; x_wconf 77' lang='grc' dir='ltr'>ἀδικοῦντες</span> <span class='ocrx_word' id='word_1_22' title='bbox 561 721 693 797; x_wconf 75' lang='grc' dir='ltr'><strong><em>χαίρουσι,</em></strong></span> <span class='ocrx_word' id='word_1_23' title='bbox 713 723 904 797; x_wconf 79' lang='grc' dir='ltr'>σκυθρωπάζειν</span> <span class='ocrx_word' id='word_1_24' title='bbox 917 722 976 776; x_wconf 89' lang='grc' dir='ltr'>δέον</span> <span class='ocrx_word' id='word_1_25' title='bbox 989 722 1289 793; x_wconf 79' lang='grc' dir='ltr'>οὐδικαιυπραγοῦντας.</span> 
     </span>
     <span class='ocr_line' id='line_1_4' title="bbox 187 818 1291 898; baseline -0.005 -18"><span class='ocrx_word' id='word_1_26' title='bbox 187 827 247 880; x_wconf 90' lang='grc' dir='ltr'>δότε</span> <span class='ocrx_word' id='word_1_27' title='bbox 260 847 303 896; x_wconf 83' lang='grc' dir='ltr'>μοι</span> <span class='ocrx_word' id='word_1_28' title='bbox 317 825 404 897; x_wconf 87' lang='grc' dir='ltr'>καιμδν</span> <span class='ocrx_word' id='word_1_29' title='bbox 421 823 538 898; x_wconf 79' lang='grc' dir='ltr'>γελωτος</span> <span class='ocrx_word' id='word_1_30' title='bbox 551 823 578 878; x_wconf 86' lang='grc' dir='ltr'>έν</span> <span class='ocrx_word' id='word_1_31' title='bbox 591 822 683 896; x_wconf 78' lang='grc' dir='ltr'>είρήνη,</span> <span class='ocrx_word' id='word_1_32' title='bbox 699 825 767 878; x_wconf 75' lang='grc' dir='ltr'>ὥστε</span> <span class='ocrx_word' id='word_1_33' title='bbox 780 823 815 893; x_wconf 84' lang='grc' dir='ltr'>μή</span> <span class='ocrx_word' id='word_1_34' title='bbox 828 823 870 878; x_wconf 82' lang='grc' dir='ltr'>ε’πλ</span> <span class='ocrx_word' id='word_1_35' title='bbox 883 823 915 876; x_wconf 80' lang='grc' dir='ltr'>τὰ</span> <span class='ocrx_word' id='word_1_36' title='bbox 932 820 1084 893; x_wconf 86' lang='grc' dir='ltr'>δικαστήρια</span> <span class='ocrx_word' id='word_1_37' title='bbox 1102 818 1291 893; x_wconf 89' lang='grc' dir='ltr'>στρατεύεσθαι</span> 
     </span>
     <span class='ocr_line' id='line_1_5' title="bbox 188 914 1291 996; baseline -0.006 -18"><span class='ocrx_word' id='word_1_38' title='bbox 188 925 215 978; x_wconf 70' lang='grc' dir='ltr'>ἓν</span> <span class='ocrx_word' id='word_1_39' title='bbox 227 927 282 980; x_wconf 85' lang='grc' dir='ltr'>ταῖς</span> <span class='ocrx_word' id='word_1_40' title='bbox 297 925 426 996; x_wconf 78' lang='grc' dir='ltr'>γλάτταις</span> <span class='ocrx_word' id='word_1_41' title='bbox 445 924 548 994; x_wconf 73' lang='grc' dir='ltr'>ἔχοντες</span> <span class='ocrx_word' id='word_1_42' title='bbox 568 922 600 976; x_wconf 78' lang='grc' dir='ltr'>τὰ</span> <span class='ocrx_word' id='word_1_43' title='bbox 621 920 698 992; x_wconf 87' lang='grc' dir='ltr'>ὅπλα,</span> <span class='ocrx_word' id='word_1_44' title='bbox 713 921 916 993; x_wconf 82' lang='grc' dir='ltr'>ἀπεστερηκότες</span> <span class='ocrx_word' id='word_1_45' title='bbox 935 917 1196 994; x_wconf 75' lang='grc' dir='ltr'>χρήματα,γυναῖιιας</span> <span class='ocrx_word' id='word_1_46' title='bbox 1215 914 1291 989; x_wconf 88' lang='grc' dir='ltr'>φθεί-</span> 
     </span>
     <span class='ocr_line' id='line_1_6' title="bbox 159 1015 1292 1094; baseline -0.001 -20"><span class='ocrx_word' id='word_1_47' title='bbox 159 1034 175 1086; x_wconf 82' lang='grc'>5</span> <span class='ocrx_word' id='word_1_48' title='bbox 187 1041 285 1093; x_wconf 84' lang='grc' dir='ltr'>ρανπες,</span> <span class='ocrx_word' id='word_1_49' title='bbox 307 1022 404 1092; x_wconf 90' lang='grc' dir='ltr'>φίλους</span> <span class='ocrx_word' id='word_1_50' title='bbox 424 1019 660 1094; x_wconf 77' lang='grc' dir='ltr'>φαρμακεύσαντες,</span> <span class='ocrx_word' id='word_1_51' title='bbox 683 1017 904 1092; x_wconf 64' lang='grc' dir='ltr'>ἱεροσυλήσαντες,</span> <span class='ocrx_word' id='word_1_52' title='bbox 926 1015 1181 1090; x_wconf 85' lang='grc' dir='ltr'>προαγωγεύσαντες,</span> <span class='ocrx_word' id='word_1_53' title='bbox 1206 1016 1292 1089; x_wconf 81' lang='grc' dir='ltr'>ὅρκοις</span> 
     </span>
     <span class='ocr_line' id='line_1_7' title="bbox 188 1113 1292 1192; baseline -0.005 -17"><span class='ocrx_word' id='word_1_54' title='bbox 188 1118 353 1192; x_wconf 75' lang='grc' dir='ltr'>φωραθέντες</span> <span class='ocrx_word' id='word_1_55' title='bbox 376 1119 491 1184; x_wconf 76' lang='grc' dir='ltr'>ἄπιστοι,</span> <span class='ocrx_word' id='word_1_56' title='bbox 517 1118 727 1190; x_wconf 86' lang='grc' dir='ltr'>τυμπανίσαντες,</span> <span class='ocrx_word' id='word_1_57' title='bbox 753 1115 834 1174; x_wconf 74' lang='grc' dir='ltr'>ἄλλος</span> <span class='ocrx_word' id='word_1_58' title='bbox 857 1116 942 1171; x_wconf 82' lang='grc' dir='ltr'>ἀλλου</span> <span class='ocrx_word' id='word_1_59' title='bbox 966 1113 1066 1188; x_wconf 88' lang='grc' dir='ltr'>πλήρης</span> <span class='ocrx_word' id='word_1_60' title='bbox 1094 1119 1177 1171; x_wconf 87' lang='grc' dir='ltr'>κακοῦ.</span> <span class='ocrx_word' id='word_1_61' title='bbox 1212 1118 1292 1169; x_wconf 82' lang='grc' dir='ltr'>ταῦτα</span> 
     </span>
     <span class='ocr_line' id='line_1_8' title="bbox 187 1195 1292 1290; baseline -0.002 -18"><span class='ocrx_word' id='word_1_62' title='bbox 187 1218 293 1290; x_wconf 82' lang='grc' dir='ltr'>γελάσω</span> <span class='ocrx_word' id='word_1_63' title='bbox 309 1220 376 1290; x_wconf 81' lang='grc' dir='ltr'>ὁρῶν</span> <span class='ocrx_word' id='word_1_64' title='bbox 389 1217 538 1290; x_wconf 78' lang='grc' dir='ltr'>ἀνθρώπους</span> <span class='ocrx_word' id='word_1_65' title='bbox 552 1195 690 1273; x_wconf 80' lang='grc' dir='ltr'>ποιοῦντας</span> <span class='ocrx_word' id='word_1_66' title='bbox 702 1215 718 1285; x_wconf 83' lang='grc' dir='ltr'>ή</span> <span class='ocrx_word' id='word_1_67' title='bbox 732 1215 829 1284; x_wconf 72' lang='grc' dir='ltr'>ἐσθῆτα</span> <span class='ocrx_word' id='word_1_68' title='bbox 845 1215 886 1269; x_wconf 82' lang='grc' dir='ltr'>καὶ</span> <span class='ocrx_word' id='word_1_69' title='bbox 903 1213 988 1288; x_wconf 90' lang='grc' dir='ltr'>γένεια</span> <span class='ocrx_word' id='word_1_70' title='bbox 1004 1215 1044 1268; x_wconf 83' lang='grc' dir='ltr'>καλ</span> <span class='ocrx_word' id='word_1_71' title='bbox 1064 1214 1180 1285; x_wconf 92' lang='grc' dir='ltr'>κεφαλῆς</span> <span class='ocrx_word' id='word_1_72' title='bbox 1197 1214 1292 1270; x_wconf 89' lang='grc' dir='ltr'>πόνους</span> 
     </span>
     <span class='ocr_line' id='line_1_9' title="bbox 188 1311 1292 1388; baseline -0.001 -18"><span class='ocrx_word' id='word_1_73' title='bbox 188 1313 362 1386; x_wconf 71' lang='grc' dir='ltr'>ἀτημελήτους</span> <span class='ocrx_word' id='word_1_74' title='bbox 388 1314 403 1384; x_wconf 71' lang='grc' dir='ltr'><strong><em>ἢ</em></strong></span> <span class='ocrx_word' id='word_1_75' title='bbox 426 1318 534 1388; x_wconf 83' lang='grc' dir='ltr'>γυναῖκα</span> <span class='ocrx_word' id='word_1_76' title='bbox 556 1313 710 1387; x_wconf 81' lang='grc' dir='ltr'>φαρμακέας</span> <span class='ocrx_word' id='word_1_77' title='bbox 737 1313 920 1385; x_wconf 64' lang='grc' dir='ltr'>ἐπειλημμένον</span> <span class='ocrx_word' id='word_1_78' title='bbox 946 1312 1035 1367; x_wconf 83' lang='grc' dir='ltr'>τέκνου</span> <span class='ocrx_word' id='word_1_79' title='bbox 1062 1311 1077 1382; x_wconf 80' lang='grc' dir='ltr'>ή</span> <span class='ocrx_word' id='word_1_80' title='bbox 1104 1313 1221 1385; x_wconf 88' lang='grc' dir='ltr'>μειράκια</span> <span class='ocrx_word' id='word_1_81' title='bbox 1247 1315 1292 1380; x_wconf 90' lang='grc' dir='ltr'>τῆς</span> 
     </span>
     <span class='ocr_line' id='line_1_10' title="bbox 188 1409 1291 1487; baseline -0.005 -19"><span class='ocrx_word' id='word_1_82' title='bbox 188 1414 279 1470; x_wconf 77' lang='grc' dir='ltr'>οὐσίας</span> <span class='ocrx_word' id='word_1_83' title='bbox 303 1413 482 1487; x_wconf 76' lang='grc' dir='ltr'>εἰςβεβρωμένα</span> <span class='ocrx_word' id='word_1_84' title='bbox 501 1411 517 1484; x_wconf 85' lang='grc' dir='ltr'>ή</span> <span class='ocrx_word' id='word_1_85' title='bbox 538 1414 648 1483; x_wconf 85' lang='grc' dir='ltr'>πολίτην</span> <span class='ocrx_word' id='word_1_86' title='bbox 667 1413 778 1486; x_wconf 78' lang='grc' dir='ltr'>γαμετῆς</span> <span class='ocrx_word' id='word_1_87' title='bbox 797 1409 962 1485; x_wconf 75' lang='grc' dir='ltr'>ἀφῃρημένον</span> <span class='ocrx_word' id='word_1_88' title='bbox 981 1410 996 1480; x_wconf 81' lang='grc' dir='ltr'>ή</span> <span class='ocrx_word' id='word_1_89' title='bbox 1017 1413 1093 1483; x_wconf 85' lang='grc' dir='ltr'>κόρην</span> <span class='ocrx_word' id='word_1_90' title='bbox 1116 1411 1163 1481; x_wconf 78' lang='grc' dir='ltr'>βίᾳ</span> <span class='ocrx_word' id='word_1_91' title='bbox 1183 1410 1291 1483; x_wconf 82' lang='grc' dir='ltr'>διαπαρ·</span> 
     </span>
     <span class='ocr_line' id='line_1_11' title="bbox 146 1508 1294 1584; baseline -0.006 -17"><span class='ocrx_word' id='word_1_92' title='bbox 146 1525 177 1561; x_wconf 90' lang='lat'>10</span> <span class='ocrx_word' id='word_1_93' title='bbox 189 1511 352 1567; x_wconf 84' lang='grc' dir='ltr'>θενευθεῖσαν</span> <span class='ocrx_word' id='word_1_94' title='bbox 372 1513 400 1567; x_wconf 83' lang='grc' dir='ltr'>έν</span> <span class='ocrx_word' id='word_1_95' title='bbox 419 1511 573 1584; x_wconf 79' lang='grc' dir='ltr'>παννυχίσιν</span> <span class='ocrx_word' id='word_1_96' title='bbox 593 1511 608 1580; x_wconf 78' lang='grc' dir='ltr'>ή</span> <span class='ocrx_word' id='word_1_97' title='bbox 630 1513 731 1584; x_wconf 80' lang='grc' dir='ltr'>ἑταίραν</span> <span class='ocrx_word' id='word_1_98' title='bbox 752 1514 823 1565; x_wconf 76' lang='grc' dir='ltr'>οὔπω</span> <span class='ocrx_word' id='word_1_99' title='bbox 843 1512 951 1583; x_wconf 82' lang='grc' dir='ltr'>γυναῖκα</span> <span class='ocrx_word' id='word_1_100' title='bbox 972 1508 1013 1562; x_wconf 83' lang='grc' dir='ltr'>καί</span> <span class='ocrx_word' id='word_1_101' title='bbox 1033 1510 1159 1580; x_wconf 81' lang='grc' dir='ltr'>γυναικῶν</span> <span class='ocrx_word' id='word_1_102' title='bbox 1180 1508 1294 1577; x_wconf 73' lang='grc' dir='ltr'>ἔχουσαν</span> 
     </span>
     <span class='ocr_line' id='line_1_12' title="bbox 188 1604 1293 1682; baseline -0.006 -17"><span class='ocrx_word' id='word_1_103' title='bbox 188 1611 236 1680; x_wconf 78' lang='grc' dir='ltr'>ἤδη</span> <span class='ocrx_word' id='word_1_104' title='bbox 257 1610 325 1679; x_wconf 91' lang='grc' dir='ltr'>πάθη</span> <span class='ocrx_word' id='word_1_105' title='bbox 340 1609 355 1679; x_wconf 80' lang='grc' dir='ltr'>ή</span> <span class='ocrx_word' id='word_1_106' title='bbox 370 1610 413 1664; x_wconf 86' lang='grc' dir='ltr'>διδ</span> <span class='ocrx_word' id='word_1_107' title='bbox 432 1609 574 1682; x_wconf 81' lang='grc' dir='ltr'>ἀσέλγειαν</span> <span class='ocrx_word' id='word_1_108' title='bbox 594 1610 728 1664; x_wconf 78' lang='grc' dir='ltr'>νεανίσκον</span> <span class='ocrx_word' id='word_1_109' title='bbox 748 1609 791 1663; x_wconf 81' lang='grc' dir='ltr'>ἕνα</span> <span class='ocrx_word' id='word_1_110' title='bbox 811 1611 913 1665; x_wconf 88' lang='grc' dir='ltr'>πόλεως</span> <span class='ocrx_word' id='word_1_111' title='bbox 933 1606 1044 1680; x_wconf 80' lang='grc' dir='ltr'>ε’ρασεήν</span> <span class='ocrx_word' id='word_1_112' title='bbox 1065 1604 1127 1675; x_wconf 80' lang='grc' dir='ltr'>ὅλης</span> <span class='ocrx_word' id='word_1_113' title='bbox 1143 1604 1158 1675; x_wconf 82' lang='grc' dir='ltr'>ή</span> <span class='ocrx_word' id='word_1_114' title='bbox 1177 1606 1223 1662; x_wconf 88' lang='grc' dir='ltr'>τδς</span> <span class='ocrx_word' id='word_1_115' title='bbox 1242 1611 1293 1660; x_wconf 81' lang='grc' dir='ltr'>τῶν</span> 
     </span>
     <span class='ocr_line' id='line_1_13' title="bbox 188 1701 1294 1780; baseline -0.001 -20"><span class='ocrx_word' id='word_1_116' title='bbox 188 1707 282 1761; x_wconf 87' lang='grc' dir='ltr'>έλαιῶν</span> <span class='ocrx_word' id='word_1_117' title='bbox 301 1706 402 1780; x_wconf 80' lang='grc' dir='ltr'>φθορὰς</span> <span class='ocrx_word' id='word_1_118' title='bbox 422 1707 450 1761; x_wconf 84' lang='grc' dir='ltr'>έν</span> <span class='ocrx_word' id='word_1_119' title='bbox 469 1705 559 1778; x_wconf 89' lang='grc' dir='ltr'>μύροις</span> <span class='ocrx_word' id='word_1_120' title='bbox 573 1705 588 1776; x_wconf 81' lang='grc' dir='ltr'>ή</span> <span class='ocrx_word' id='word_1_121' title='bbox 604 1705 690 1766; x_wconf 71' lang='grc' dir='ltr'>Ιίτοίις</span> <span class='ocrx_word' id='word_1_122' title='bbox 710 1707 738 1760; x_wconf 86' lang='grc' dir='ltr'>έν</span> <span class='ocrx_word' id='word_1_123' title='bbox 759 1707 920 1762; x_wconf 82' lang='grc' dir='ltr'>συνδείπνοις</span> <span class='ocrx_word' id='word_1_124' title='bbox 932 1705 1079 1778; x_wconf 84' lang='grc' dir='ltr'>γινομένους</span> <span class='ocrx_word' id='word_1_125' title='bbox 1100 1704 1141 1758; x_wconf 82' lang='grc' dir='ltr'>διδ</span> <span class='ocrx_word' id='word_1_126' title='bbox 1162 1701 1294 1759; x_wconf 79' lang='grc' dir='ltr'>δακτύλων</span> 
     </span>
     <span class='ocr_line' id='line_1_14' title="bbox 188 1800 1294 1876; baseline -0.004 -14"><span class='ocrx_word' id='word_1_127' title='bbox 188 1805 309 1862; x_wconf 88' lang='grc' dir='ltr'>πλείονας</span> <span class='ocrx_word' id='word_1_128' title='bbox 329 1805 344 1875; x_wconf 80' lang='grc' dir='ltr'>ή</span> <span class='ocrx_word' id='word_1_129' title='bbox 365 1808 411 1862; x_wconf 80' lang='grc' dir='ltr'>τὰς</span> <span class='ocrx_word' id='word_1_130' title='bbox 432 1803 464 1860; x_wconf 87' lang='grc' dir='ltr'>δι’</span> <span class='ocrx_word' id='word_1_131' title='bbox 486 1805 634 1876; x_wconf 75' lang='grc' dir='ltr'>ἐδεσμάτων</span> <span class='ocrx_word' id='word_1_132' title='bbox 657 1804 826 1861; x_wconf 86' lang='grc' dir='ltr'>πολυτελείας</span> <span class='ocrx_word' id='word_1_133' title='bbox 848 1805 890 1858; x_wconf 81' lang='grc' dir='ltr'>καί</span> <span class='ocrx_word' id='word_1_134' title='bbox 913 1802 1045 1876; x_wconf 84' lang='grc' dir='ltr'>γαστέρας</span> <span class='ocrx_word' id='word_1_135' title='bbox 1067 1800 1178 1875; x_wconf 82' lang='grc' dir='ltr'>ῥέουσας</span> <span class='ocrx_word' id='word_1_136' title='bbox 1199 1801 1214 1871; x_wconf 82' lang='grc' dir='ltr'>ή</span> <span class='ocrx_word' id='word_1_137' title='bbox 1234 1800 1294 1858; x_wconf 81' lang='grc' dir='ltr'>τούς</span> 
     </span>
    </p>
   </div>
   <div class='ocr_carea' id='block_1_3' title="bbox 190 1891 1294 1975">
    <p class='ocr_par' dir='ltr' id='par_1_3' title="bbox 190 1891 1294 1975">
     <span class='ocr_line' id='line_1_15' title="bbox 190 1891 1294 1975; baseline -0.005 -17"><span class='ocrx_word' id='word_1_138' title='bbox 190 1903 233 1958; x_wconf 84' lang='grc' dir='ltr'>ἐπὶ</span> <span class='ocrx_word' id='word_1_139' title='bbox 254 1904 348 1973; x_wconf 90' lang='grc' dir='ltr'>σκηνῆς</span> <span class='ocrx_word' id='word_1_140' title='bbox 369 1891 619 1975; x_wconf 84' lang='grc' dir='ltr'>ἀγωνοθετουμένους</span> <span class='ocrx_word' id='word_1_141' title='bbox 643 1900 762 1972; x_wconf 63' lang='grc' dir='ltr'>δήμουςῒ</span> <span class='ocrx_word' id='word_1_142' title='bbox 782 1902 816 1956; x_wconf 81' lang='grc' dir='ltr'>τὰ</span> <span class='ocrx_word' id='word_1_143' title='bbox 834 1903 935 1975; x_wconf 79' lang='grc' dir='ltr'>μεγάλα</span> <span class='ocrx_word' id='word_1_144' title='bbox 955 1901 1056 1963; x_wconf 68' lang='grc' dir='ltr'>δίκαιος</span> <span class='ocrx_word' id='word_1_145' title='bbox 1076 1898 1175 1970; x_wconf 89' lang='grc' dir='ltr'>ἀφήσει</span> <span class='ocrx_word' id='word_1_146' title='bbox 1195 1899 1226 1954; x_wconf 90' lang='grc' dir='ltr'>δέ</span> <span class='ocrx_word' id='word_1_147' title='bbox 1244 1921 1294 1967; x_wconf 90' lang='grc' dir='ltr'>μου</span> 
     </span>
    </p>
   </div>
   <div class='ocr_carea' id='block_1_4' title="bbox 145 1997 1294 2172">
    <p class='ocr_par' dir='ltr' id='par_1_4' title="bbox 145 1997 1294 2172">
     <span class='ocr_line' id='line_1_16' title="bbox 145 1997 1294 2085; baseline -0.002 -29"><span class='ocrx_word' id='word_1_148' title='bbox 145 2011 176 2066; x_wconf 82' lang='lat'>¹5</span> <span class='ocrx_word' id='word_1_149' title='bbox 190 2003 235 2072; x_wconf 87' lang='grc' dir='ltr'>τήν</span> <span class='ocrx_word' id='word_1_150' title='bbox 259 2001 324 2075; x_wconf 76' lang='grc' dir='ltr'>ὄφιν</span> <span class='ocrx_word' id='word_1_151' title='bbox 347 2002 424 2075; x_wconf 85' lang='grc' dir='ltr'>ἀρετή</span> <span class='ocrx_word' id='word_1_152' title='bbox 448 2001 556 2074; x_wconf 87' lang='grc' dir='ltr'>χυθῆναι</span> <span class='ocrx_word' id='word_1_153' title='bbox 580 2001 677 2074; x_wconf 82' lang='grc' dir='ltr'>ὑστέρα</span> <span class='ocrx_word' id='word_1_154' title='bbox 703 1997 824 2074; x_wconf 88' lang='grc' dir='ltr'>πονηρίας</span> <span class='ocrx_word' id='word_1_155' title='bbox 841 1999 1003 2085; x_wconf 17' lang='grc' dir='ltr'>,τεταγμένης</span> <span class='ocrx_word' id='word_1_156' title='bbox 1034 1997 1050 2068; x_wconf 80' lang='grc' dir='ltr'>ή</span> <span class='ocrx_word' id='word_1_157' title='bbox 1074 1998 1135 2054; x_wconf 80' lang='grc' dir='ltr'>τοὺς</span> <span class='ocrx_word' id='word_1_158' title='bbox 1158 1997 1294 2066; x_wconf 82' lang='grc' dir='ltr'>ἀληθινούς</span> 
     </span>
     <span class='ocr_line' id='line_1_17' title="bbox 190 2095 1293 2172; baseline -0.004 -20"><span class='ocrx_word' id='word_1_159' title='bbox 190 2100 260 2170; x_wconf 77' lang='grc' dir='ltr'>ὑμῶν</span> <span class='ocrx_word' id='word_1_160' title='bbox 290 2101 419 2170; x_wconf 84' lang='grc' dir='ltr'>πολέμους</span> <span class='ocrx_word' id='word_1_161' title='bbox 446 2100 562 2172; x_wconf 85' lang='grc' dir='ltr'>γελάσω,</span> <span class='ocrx_word' id='word_1_162' title='bbox 591 2097 634 2153; x_wconf 84' lang='grc' dir='ltr'>ὅτε</span> <span class='ocrx_word' id='word_1_163' title='bbox 661 2099 809 2170; x_wconf 87' lang='grc' dir='ltr'>προφάσεις</span> <span class='ocrx_word' id='word_1_164' title='bbox 836 2097 994 2166; x_wconf 86' lang='grc' dir='ltr'>ἀδικημάτων</span> <span class='ocrx_word' id='word_1_165' title='bbox 1020 2095 1189 2166; x_wconf 87' lang='grc' dir='ltr'>ποιησάμενοι</span> <span class='ocrx_word' id='word_1_166' title='bbox 1217 2117 1293 2149; x_wconf 89' lang='grc' dir='ltr'>κατα-</span> 
     </span>
    </p>
   </div>
   <div class='ocr_carea' id='block_1_5' title="bbox 148 2193 1300 3840">
    <p class='ocr_par' dir='ltr' id='par_1_5' title="bbox 148 2193 1300 3840">
     <span class='ocr_line' id='line_1_18' title="bbox 190 2193 1294 2270; baseline -0.003 -20"><span class='ocrx_word' id='word_1_167' title='bbox 190 2197 369 2270; x_wconf 81' lang='grc' dir='ltr'>μιαιφονεῑσθε</span> <span class='ocrx_word' id='word_1_168' title='bbox 389 2195 510 2267; x_wconf 79' lang='grc' dir='ltr'>δύστηνοι</span> <span class='ocrx_word' id='word_1_169' title='bbox 531 2197 560 2265; x_wconf 77' lang='grc' dir='ltr'>ἐξ</span> <span class='ocrx_word' id='word_1_170' title='bbox 582 2196 721 2269; x_wconf 79' lang='grc' dir='ltr'>ἀνθρώπων</span> <span class='ocrx_word' id='word_1_171' title='bbox 741 2195 816 2267; x_wconf 90' lang='grc' dir='ltr'>θηρία</span> <span class='ocrx_word' id='word_1_172' title='bbox 835 2196 979 2268; x_wconf 83' lang='grc' dir='ltr'>γεγονότες,</span> <span class='ocrx_word' id='word_1_173' title='bbox 995 2195 1083 2250; x_wconf 78' lang='grc' dir='ltr'>αὐλοῖς</span> <span class='ocrx_word' id='word_1_174' title='bbox 1103 2195 1144 2248; x_wconf 81' lang='grc' dir='ltr'>καὶ</span> <span class='ocrx_word' id='word_1_175' title='bbox 1165 2193 1294 2265; x_wconf 80' lang='grc' dir='ltr'>σάλπιγξι</span> 
     </span>
     <span class='ocr_line' id='line_1_19' title="bbox 190 2290 1296 2365; baseline -0.004 -17"><span class='ocrx_word' id='word_1_176' title='bbox 190 2295 233 2348; x_wconf 81' lang='grc' dir='ltr'>διὰ</span> <span class='ocrx_word' id='word_1_177' title='bbox 260 2298 385 2365; x_wconf 89' lang='grc' dir='ltr'>μουσικῆς</span> <span class='ocrx_word' id='word_1_178' title='bbox 412 2296 449 2351; x_wconf 86' lang='grc' dir='ltr'>εἷς</span> <span class='ocrx_word' id='word_1_179' title='bbox 475 2295 577 2364; x_wconf 83' lang='grc' dir='ltr'>άμουσα</span> <span class='ocrx_word' id='word_1_180' title='bbox 604 2294 672 2363; x_wconf 90' lang='grc' dir='ltr'>πάθη</span> <span class='ocrx_word' id='word_1_181' title='bbox 699 2292 908 2365; x_wconf 77' lang='grc' dir='ltr'>παροξυνόμενοι,</span> <span class='ocrx_word' id='word_1_182' title='bbox 933 2293 1038 2365; x_wconf 91' lang='grc' dir='ltr'>σίδηρος</span> <span class='ocrx_word' id='word_1_183' title='bbox 1065 2292 1094 2346; x_wconf 79' lang='grc' dir='ltr'>δὲ</span> <span class='ocrx_word' id='word_1_184' title='bbox 1117 2290 1232 2364; x_wconf 87' lang='grc' dir='ltr'>ἀρότρων</span> <span class='ocrx_word' id='word_1_185' title='bbox 1255 2291 1296 2345; x_wconf 83' lang='grc' dir='ltr'>καί</span> 
     </span>
     <span class='ocr_line' id='line_1_20' title="bbox 190 2386 1296 2466; baseline -0.004 -20"><span class='ocrx_word' id='word_1_186' title='bbox 190 2392 319 2466; x_wconf 87' lang='grc' dir='ltr'>γεωργίας</span> <span class='ocrx_word' id='word_1_187' title='bbox 339 2394 496 2465; x_wconf 88' lang='grc' dir='ltr'>δικαιότερον</span> <span class='ocrx_word' id='word_1_188' title='bbox 516 2392 626 2466; x_wconf 81' lang='grc' dir='ltr'>ὄργανον</span> <span class='ocrx_word' id='word_1_189' title='bbox 648 2394 764 2463; x_wconf 86' lang='grc' dir='ltr'>σφαγαῖς</span> <span class='ocrx_word' id='word_1_190' title='bbox 785 2392 825 2446; x_wconf 83' lang='grc' dir='ltr'>καί</span> <span class='ocrx_word' id='word_1_191' title='bbox 849 2391 948 2465; x_wconf 79' lang='grc' dir='ltr'>θανάτῳ</span> <span class='ocrx_word' id='word_1_192' title='bbox 968 2389 1144 2464; x_wconf 79' lang='grc' dir='ltr'>ηὐτρέπισται,</span> <span class='ocrx_word' id='word_1_193' title='bbox 1165 2386 1296 2460; x_wconf 76' lang='grc' dir='ltr'>ὑβρίζεται</span> 
     </span>
     <span class='ocr_line' id='line_1_21' title="bbox 148 2486 1296 2562; baseline -0.003 -17"><span class='ocrx_word' id='word_1_194' title='bbox 148 2504 180 2540; x_wconf 79' lang='lat'>20</span> <span class='ocrx_word' id='word_1_195' title='bbox 194 2491 223 2545; x_wconf 77' lang='grc' dir='ltr'>δὲ</span> <span class='ocrx_word' id='word_1_196' title='bbox 236 2490 268 2545; x_wconf 88' lang='grc' dir='ltr'>δι’</span> <span class='ocrx_word' id='word_1_197' title='bbox 282 2491 352 2561; x_wconf 82' lang='grc' dir='ltr'>ὑμῶν</span> <span class='ocrx_word' id='word_1_198' title='bbox 367 2492 433 2560; x_wconf 88' lang='grc' dir='ltr'>θεός,</span> <span class='ocrx_word' id='word_1_199' title='bbox 446 2490 541 2560; x_wconf 79' lang='grc' dir='ltr'>Ἀθηνᾶ</span> <span class='ocrx_word' id='word_1_200' title='bbox 554 2491 727 2562; x_wconf 88' lang='grc' dir='ltr'>πολεμίστρια</span> <span class='ocrx_word' id='word_1_201' title='bbox 741 2487 871 2562; x_wconf 79' lang='grc' dir='ltr'>καλ”Αρης</span> <span class='ocrx_word' id='word_1_202' title='bbox 884 2489 999 2546; x_wconf 86' lang='grc' dir='ltr'>ε’νυάλιος</span> <span class='ocrx_word' id='word_1_203' title='bbox 1012 2486 1174 2558; x_wconf 85' lang='grc' dir='ltr'>καλούμενος,</span> <span class='ocrx_word' id='word_1_204' title='bbox 1191 2488 1296 2559; x_wconf 85' lang='grc' dir='ltr'>φάλαγ-</span> 
     </span>
     <span class='ocr_line' id='line_1_22' title="bbox 193 2584 1294 2662; baseline -0.006 -16"><span class='ocrx_word' id='word_1_205' title='bbox 193 2611 241 2662; x_wconf 84' lang='grc' dir='ltr'>γας</span> <span class='ocrx_word' id='word_1_206' title='bbox 254 2589 282 2644; x_wconf 75' lang='grc' dir='ltr'>δέ</span> <span class='ocrx_word' id='word_1_207' title='bbox 296 2588 497 2658; x_wconf 85' lang='grc' dir='ltr'>ἀντιστήσαντες</span> <span class='ocrx_word' id='word_1_208' title='bbox 513 2589 643 2662; x_wconf 79' lang='grc' dir='ltr'>ἅνθρωποι</span> <span class='ocrx_word' id='word_1_209' title='bbox 664 2590 726 2643; x_wconf 82' lang='grc' dir='ltr'>κατὰ</span> <span class='ocrx_word' id='word_1_210' title='bbox 747 2588 888 2660; x_wconf 82' lang='grc' dir='ltr'>ἀνθρώπων</span> <span class='ocrx_word' id='word_1_211' title='bbox 908 2584 1030 2657; x_wconf 87' lang='grc' dir='ltr'>ἀλλήλων</span> <span class='ocrx_word' id='word_1_212' title='bbox 1050 2586 1157 2659; x_wconf 81' lang='grc' dir='ltr'>σφαγάς</span> <span class='ocrx_word' id='word_1_213' title='bbox 1178 2585 1294 2657; x_wconf 78' lang='grc' dir='ltr'>εὔχεσθε,</span> 
     </span>
     <span class='ocr_line' id='line_1_23' title="bbox 194 2683 1297 2759; baseline 0.002 -20"><span class='ocrx_word' id='word_1_214' title='bbox 194 2687 228 2743; x_wconf 83' lang='grc' dir='ltr'>ὡς</span> <span class='ocrx_word' id='word_1_215' title='bbox 241 2686 410 2744; x_wconf 83' lang='grc' dir='ltr'>λειποτάκτας</span> <span class='ocrx_word' id='word_1_216' title='bbox 426 2689 485 2743; x_wconf 80' lang='grc' dir='ltr'>τοὺς</span> <span class='ocrx_word' id='word_1_217' title='bbox 503 2687 537 2757; x_wconf 88' lang='grc' dir='ltr'>μῆ</span> <span class='ocrx_word' id='word_1_218' title='bbox 558 2689 757 2759; x_wconf 85' lang='grc' dir='ltr'>μιαιφονοῦντας</span> <span class='ocrx_word' id='word_1_219' title='bbox 776 2684 959 2759; x_wconf 79' lang='grc' dir='ltr'>τιμωρούμενοι</span> <span class='ocrx_word' id='word_1_220' title='bbox 980 2685 1020 2739; x_wconf 79' lang='grc' dir='ltr'>καὶ</span> <span class='ocrx_word' id='word_1_221' title='bbox 1041 2685 1076 2742; x_wconf 79' lang='grc' dir='ltr'>ὣς</span> <span class='ocrx_word' id='word_1_222' title='bbox 1095 2684 1217 2757; x_wconf 77' lang='grc' dir='ltr'>ἀριστέας</span> <span class='ocrx_word' id='word_1_223' title='bbox 1237 2683 1297 2741; x_wconf 85' lang='grc' dir='ltr'>τούς</span> 
     </span>
     <span class='ocr_line' id='line_1_24' title="bbox 194 2780 1298 2856; baseline -0.004 -17"><span class='ocrx_word' id='word_1_224' title='bbox 194 2785 418 2853; x_wconf 84' lang='grc' dir='ltr'>ε’μπλεονάσανπας</span> <span class='ocrx_word' id='word_1_225' title='bbox 438 2783 524 2855; x_wconf 77' lang='grc' dir='ltr'>αἵματι</span> <span class='ocrx_word' id='word_1_226' title='bbox 545 2791 685 2856; x_wconf 77' lang='grc' dir='ltr'>τιμῶντες,Ι</span> <span class='ocrx_word' id='word_1_227' title='bbox 709 2785 812 2842; x_wconf 87' lang='grc' dir='ltr'>λέοντες</span> <span class='ocrx_word' id='word_1_228' title='bbox 832 2783 854 2839; x_wconf 82' lang='grc' dir='ltr'>δ’</span> <span class='ocrx_word' id='word_1_229' title='bbox 870 2785 919 2854; x_wconf 80' lang='grc' dir='ltr'>οὐχ</span> <span class='ocrx_word' id='word_1_230' title='bbox 940 2783 1087 2851; x_wconf 74' lang='grc' dir='ltr'>ὁπλίζονται</span> <span class='ocrx_word' id='word_1_231' title='bbox 1108 2781 1161 2836; x_wconf 81' lang='grc' dir='ltr'>κατ’</span> <span class='ocrx_word' id='word_1_232' title='bbox 1176 2780 1298 2851; x_wconf 83' lang='grc' dir='ltr'>ἀλλήλων</span> 
     </span>
     <span class='ocr_line' id='line_1_25' title="bbox 194 2879 1298 2955; baseline -0.004 -18"><span class='ocrx_word' id='word_1_233' title='bbox 194 2883 253 2937; x_wconf 73' lang='grc' dir='ltr'>οὐδὲ</span> <span class='ocrx_word' id='word_1_234' title='bbox 274 2883 339 2955; x_wconf 78' lang='grc' dir='ltr'>ξίφη</span> <span class='ocrx_word' id='word_1_235' title='bbox 363 2883 589 2953; x_wconf 85' lang='grc' dir='ltr'>ἀναλαμβάνουσιν</span> <span class='ocrx_word' id='word_1_236' title='bbox 609 2886 635 2938; x_wconf 88' lang='grc' dir='ltr'>αί</span> <span class='ocrx_word' id='word_1_237' title='bbox 658 2881 741 2949; x_wconf 84' lang='grc' dir='ltr'>ἵπποι,</span> <span class='ocrx_word' id='word_1_238' title='bbox 764 2883 824 2937; x_wconf 80' lang='grc' dir='ltr'>οὐδὲ</span> <span class='ocrx_word' id='word_1_239' title='bbox 847 2881 1065 2955; x_wconf 89' lang='grc' dir='ltr'>τεθωρακισμένον</span> <span class='ocrx_word' id='word_1_240' title='bbox 1084 2880 1116 2937; x_wconf 80' lang='grc' dir='ltr'>δν</span> <span class='ocrx_word' id='word_1_241' title='bbox 1138 2879 1204 2938; x_wconf 85' lang='grc' dir='ltr'>ίδοις</span> <span class='ocrx_word' id='word_1_242' title='bbox 1224 2880 1298 2934; x_wconf 84' lang='grc' dir='ltr'>ἀετδν</span> 
     </span>
     <span class='ocr_line' id='line_1_26' title="bbox 150 2977 1298 3054; baseline -0.004 -18"><span class='ocrx_word' id='word_1_243' title='bbox 150 2979 233 3045; x_wconf 69' lang='grc' dir='ltr'>15έπ’</span> <span class='ocrx_word' id='word_1_244' title='bbox 248 2979 322 3054; x_wconf 78' lang='grc' dir='ltr'>ἀετῷ.</span> <span class='ocrx_word' id='word_1_245' title='bbox 343 2980 417 3034; x_wconf 75' lang='grc' dir='ltr'>οὐδέν</span> <span class='ocrx_word' id='word_1_246' title='bbox 438 2980 505 3034; x_wconf 83' lang='grc' dir='ltr'>ἀλλο</span> <span class='ocrx_word' id='word_1_247' title='bbox 525 2981 609 3052; x_wconf 88' lang='grc' dir='ltr'>μάχης</span> <span class='ocrx_word' id='word_1_248' title='bbox 630 2981 684 3050; x_wconf 87' lang='grc' dir='ltr'>έχει</span> <span class='ocrx_word' id='word_1_249' title='bbox 704 2979 821 3053; x_wconf 83' lang='grc' dir='ltr'>ὄργανον,</span> <span class='ocrx_word' id='word_1_250' title='bbox 836 2978 896 3034; x_wconf 84' lang='grc' dir='ltr'>ἀλλ’</span> <span class='ocrx_word' id='word_1_251' title='bbox 910 2980 1011 3054; x_wconf 75' lang='grc' dir='ltr'>ἑκάστῳ</span> <span class='ocrx_word' id='word_1_252' title='bbox 1027 2980 1059 3033; x_wconf 80' lang='grc' dir='ltr'>τὰ</span> <span class='ocrx_word' id='word_1_253' title='bbox 1079 2977 1142 3051; x_wconf 90' lang='grc' dir='ltr'>μέρη</span> <span class='ocrx_word' id='word_1_254' title='bbox 1160 2980 1201 3033; x_wconf 82' lang='grc' dir='ltr'>καὶ</span> <span class='ocrx_word' id='word_1_255' title='bbox 1218 2977 1298 3034; x_wconf 86' lang='grc' dir='ltr'>ὅπλα·</span> 
     </span>
     <span class='ocr_line' id='line_1_27' title="bbox 194 3069 1297 3156; baseline -0.001 -23"><span class='ocrx_word' id='word_1_256' title='bbox 194 3082 248 3135; x_wconf 86' lang='grc' dir='ltr'>τοῖς</span> <span class='ocrx_word' id='word_1_257' title='bbox 267 3079 315 3148; x_wconf 81' lang='grc' dir='ltr'>μέν</span> <span class='ocrx_word' id='word_1_258' title='bbox 335 3077 427 3151; x_wconf 89' lang='grc' dir='ltr'>κέρατα</span> <span class='ocrx_word' id='word_1_259' title='bbox 447 3078 480 3133; x_wconf 87' lang='grc' dir='ltr'>τδ</span> <span class='ocrx_word' id='word_1_260' title='bbox 500 3077 578 3149; x_wconf 82' lang='grc' dir='ltr'>ὅπλα,</span> <span class='ocrx_word' id='word_1_261' title='bbox 600 3082 653 3134; x_wconf 81' lang='grc' dir='ltr'>τοῖς</span> <span class='ocrx_word' id='word_1_262' title='bbox 673 3079 701 3133; x_wconf 75' lang='grc' dir='ltr'>δέ</span> <span class='ocrx_word' id='word_1_263' title='bbox 721 3077 815 3151; x_wconf 88' lang='grc' dir='ltr'>ῥύγχη,</span> <span class='ocrx_word' id='word_1_264' title='bbox 829 3080 884 3134; x_wconf 86' lang='grc' dir='ltr'>τοῖς</span> <span class='ocrx_word' id='word_1_265' title='bbox 904 3078 933 3131; x_wconf 76' lang='grc' dir='ltr'>δέ</span> <span class='ocrx_word' id='word_1_266' title='bbox 953 3078 1040 3149; x_wconf 85' lang='grc' dir='ltr'>πτερά,</span> <span class='ocrx_word' id='word_1_267' title='bbox 1059 3070 1125 3156; x_wconf 81' lang='grc' dir='ltr'>[τοῖς</span> <span class='ocrx_word' id='word_1_268' title='bbox 1146 3076 1174 3131; x_wconf 78' lang='grc' dir='ltr'>δὲ</span> <span class='ocrx_word' id='word_1_269' title='bbox 1195 3069 1297 3154; x_wconf 61' lang='grc' dir='ltr'>τάχος]</span> 
     </span>
     <span class='ocr_line' id='line_1_28' title="bbox 194 3171 1298 3248; baseline -0.002 -18"><span class='ocrx_word' id='word_1_270' title='bbox 194 3175 287 3232; x_wconf 79' lang='grc' dir='ltr'>ἀλλοις</span> <span class='ocrx_word' id='word_1_271' title='bbox 306 3175 423 3248; x_wconf 87' lang='grc' dir='ltr'>μέγεθος,</span> <span class='ocrx_word' id='word_1_272' title='bbox 445 3175 537 3232; x_wconf 78' lang='grc' dir='ltr'>ἄλλοις</span> <span class='ocrx_word' id='word_1_273' title='bbox 556 3176 683 3248; x_wconf 87' lang='grc' dir='ltr'>ὀλιγότης,</span> <span class='ocrx_word' id='word_1_274' title='bbox 706 3172 744 3232; x_wconf 85' lang='grc' dir='ltr'>οίς</span> <span class='ocrx_word' id='word_1_275' title='bbox 764 3175 792 3230; x_wconf 77' lang='grc' dir='ltr'>δὲ</span> <span class='ocrx_word' id='word_1_276' title='bbox 812 3176 899 3245; x_wconf 89' lang='grc' dir='ltr'>τάχος,</span> <span class='ocrx_word' id='word_1_277' title='bbox 921 3171 959 3231; x_wconf 79' lang='grc' dir='ltr'>οἷς</span> <span class='ocrx_word' id='word_1_278' title='bbox 983 3175 1011 3228; x_wconf 75' lang='grc' dir='ltr'>δὲ</span> <span class='ocrx_word' id='word_1_279' title='bbox 1035 3173 1113 3244; x_wconf 80' lang='grc' dir='ltr'>νῆξις,</span> <span class='ocrx_word' id='word_1_280' title='bbox 1135 3176 1244 3230; x_wconf 81' lang='grc' dir='ltr'>πολλοῖς</span> <span class='ocrx_word' id='word_1_281' title='bbox 1270 3174 1298 3228; x_wconf 78' lang='grc' dir='ltr'>δὲ</span> 
     </span>
     <span class='ocr_line' id='line_1_29' title="bbox 194 3272 1299 3348; baseline -0.005 -19"><span class='ocrx_word' id='word_1_282' title='bbox 194 3278 299 3344; x_wconf 86' lang='grc' dir='ltr'>πνεῦμα.</span> <span class='ocrx_word' id='word_1_283' title='bbox 330 3275 405 3328; x_wconf 78' lang='grc' dir='ltr'>οὐδέν</span> <span class='ocrx_word' id='word_1_284' title='bbox 427 3274 506 3346; x_wconf 81' lang='grc' dir='ltr'>ξίφος</span> <span class='ocrx_word' id='word_1_285' title='bbox 527 3274 613 3346; x_wconf 78' lang='grc' dir='ltr'>ἄλογα</span> <span class='ocrx_word' id='word_1_286' title='bbox 634 3277 702 3328; x_wconf 83' lang='grc' dir='ltr'>ποιεῖ</span> <span class='ocrx_word' id='word_1_287' title='bbox 724 3275 775 3348; x_wconf 76' lang='grc' dir='ltr'>ζῷα</span> <span class='ocrx_word' id='word_1_288' title='bbox 796 3272 896 3345; x_wconf 91' lang='grc' dir='ltr'>χαίρειν</span> <span class='ocrx_word' id='word_1_289' title='bbox 922 3275 1021 3345; x_wconf 81' lang='grc' dir='ltr'>δρῶντα</span> <span class='ocrx_word' id='word_1_290' title='bbox 1048 3273 1244 3342; x_wconf 88' lang='grc' dir='ltr'>φυλαττόμενον</span> <span class='ocrx_word' id='word_1_291' title='bbox 1272 3272 1299 3325; x_wconf 84' lang='grc' dir='ltr'>έν</span> 
     </span>
     <span class='ocr_line' id='line_1_30' title="bbox 195 3367 1299 3443; baseline -0.004 -17"><span class='ocrx_word' id='word_1_292' title='bbox 195 3373 281 3429; x_wconf 82' lang='grc' dir='ltr'>αὑτοῖς</span> <span class='ocrx_word' id='word_1_293' title='bbox 300 3370 408 3443; x_wconf 88' lang='grc' dir='ltr'>φύσεως</span> <span class='ocrx_word' id='word_1_294' title='bbox 433 3373 520 3443; x_wconf 86' lang='grc' dir='ltr'>νόμον,</span> <span class='ocrx_word' id='word_1_295' title='bbox 542 3371 601 3426; x_wconf 81' lang='grc' dir='ltr'>ἀλλ’</span> <span class='ocrx_word' id='word_1_296' title='bbox 622 3373 668 3426; x_wconf 81' lang='grc' dir='ltr'>οὐκ</span> <span class='ocrx_word' id='word_1_297' title='bbox 692 3371 720 3426; x_wconf 87' lang='grc' dir='ltr'>έν</span> <span class='ocrx_word' id='word_1_298' title='bbox 739 3371 887 3443; x_wconf 81' lang='grc' dir='ltr'>ἀνθρώποις.</span> <span class='ocrx_word' id='word_1_299' title='bbox 920 3372 1022 3440; x_wconf 78' lang='grc' dir='ltr'>μᾶλλον</span> <span class='ocrx_word' id='word_1_300' title='bbox 1045 3370 1074 3424; x_wconf 79' lang='grc' dir='ltr'>δὲ</span> <span class='ocrx_word' id='word_1_301' title='bbox 1098 3367 1195 3428; x_wconf 62' lang='grc' dir='ltr'>Ῡτοῦτο</span> <span class='ocrx_word' id='word_1_302' title='bbox 1218 3370 1299 3425; x_wconf 88' lang='grc' dir='ltr'>πλέον</span> 
     </span>
     <span class='ocr_line' id='line_1_31' title="bbox 151 3465 1299 3544; baseline -0.002 -22"><span class='ocrx_word' id='word_1_303' title='bbox 151 3485 183 3536; x_wconf 81' lang='grc' dir='ltr'>3ο</span> <span class='ocrx_word' id='word_1_304' title='bbox 195 3470 227 3527; x_wconf 83' lang='grc' dir='ltr'>δν</span> <span class='ocrx_word' id='word_1_305' title='bbox 249 3468 287 3541; x_wconf 82' lang='grc' dir='ltr'>ε’ίη</span> <span class='ocrx_word' id='word_1_306' title='bbox 307 3472 456 3544; x_wconf 84' lang='grc' dir='ltr'>παράβασις</span> <span class='ocrx_word' id='word_1_307' title='bbox 477 3471 504 3525; x_wconf 85' lang='grc' dir='ltr'>έν</span> <span class='ocrx_word' id='word_1_308' title='bbox 524 3471 653 3543; x_wconf 88' lang='grc' dir='ltr'>κρείττοσι</span> <span class='ocrx_word' id='word_1_309' title='bbox 673 3471 704 3524; x_wconf 90' lang='grc' dir='ltr'>τδ</span> <span class='ocrx_word' id='word_1_310' title='bbox 724 3467 876 3535; x_wconf 65' lang='grc' dir='ltr'>ἀβέβαιονί.</span> <span class='ocrx_word' id='word_1_311' title='bbox 907 3467 983 3524; x_wconf 89' lang='grc' dir='ltr'>τέλος</span> <span class='ocrx_word' id='word_1_312' title='bbox 1004 3466 1032 3522; x_wconf 76' lang='grc' dir='ltr'>δὲ</span> <span class='ocrx_word' id='word_1_313' title='bbox 1052 3466 1173 3537; x_wconf 89' lang='grc' dir='ltr'>πολέμων</span> <span class='ocrx_word' id='word_1_314' title='bbox 1193 3465 1219 3520; x_wconf 91' lang='grc' dir='ltr'>τί</span> <span class='ocrx_word' id='word_1_315' title='bbox 1240 3466 1299 3536; x_wconf 81' lang='grc' dir='ltr'>ὑμῖν</span> 
     </span>
     <span class='ocr_line' id='line_1_32' title="bbox 196 3563 1300 3642; baseline -0.006 -17"><span class='ocrx_word' id='word_1_316' title='bbox 196 3569 299 3625; x_wconf 78' lang='grc' dir='ltr'>εὐκτέον</span> <span class='ocrx_word' id='word_1_317' title='bbox 319 3569 385 3642; x_wconf 66' lang='grc' dir='ltr'>άρας</span> <span class='ocrx_word' id='word_1_318' title='bbox 413 3568 429 3639; x_wconf 83' lang='grc' dir='ltr'>ή</span> <span class='ocrx_word' id='word_1_319' title='bbox 450 3567 584 3628; x_wconf 81' lang='grc' dir='ltr'>δι’.ε’κεῖνο</span> <span class='ocrx_word' id='word_1_320' title='bbox 604 3565 719 3623; x_wconf 87' lang='grc' dir='ltr'>παύσετέ</span> <span class='ocrx_word' id='word_1_321' title='bbox 737 3589 769 3636; x_wconf 88' lang='grc' dir='ltr'>με</span> <span class='ocrx_word' id='word_1_322' title='bbox 791 3563 947 3638; x_wconf 72' lang='grc' dir='ltr'>κατηφείαςς</span> <span class='ocrx_word' id='word_1_323' title='bbox 968 3565 1066 3628; x_wconf 71' lang='grc' dir='ltr'>πόθενς</span> <span class='ocrx_word' id='word_1_324' title='bbox 1091 3565 1150 3636; x_wconf 81' lang='grc' dir='ltr'>ούχί</span> <span class='ocrx_word' id='word_1_325' title='bbox 1170 3564 1198 3619; x_wconf 78' lang='grc' dir='ltr'>δὲ</span> <span class='ocrx_word' id='word_1_326' title='bbox 1218 3564 1300 3620; x_wconf 85' lang='grc' dir='ltr'>πλέον</span> 
     </span>
     <span class='ocr_line' id='line_1_33' title="bbox 196 3661 1299 3740; baseline -0.007 -14"><span class='ocrx_word' id='word_1_327' title='bbox 196 3711 203 3726; x_wconf 92' lang='grc'><strong>.</strong></span> <span class='ocrx_word' id='word_1_328' title='bbox 226 3711 232 3725; x_wconf 92' lang='grc'>.</span> <span class='ocrx_word' id='word_1_329' title='bbox 255 3711 261 3725; x_wconf 92' lang='grc'>.</span> <span class='ocrx_word' id='word_1_330' title='bbox 283 3665 426 3740; x_wconf 88' lang='grc' dir='ltr'>ὁμοφύλων</span> <span class='ocrx_word' id='word_1_331' title='bbox 450 3669 528 3739; x_wconf 79' lang='grc' dir='ltr'>σφῶν</span> <span class='ocrx_word' id='word_1_332' title='bbox 551 3667 592 3721; x_wconf 79' lang='grc' dir='ltr'>καί</span> <span class='ocrx_word' id='word_1_333' title='bbox 617 3664 847 3738; x_wconf 84' lang='grc' dir='ltr'>δενδροτομουμένη</span> <span class='ocrx_word' id='word_1_334' title='bbox 874 3667 907 3738; x_wconf 87' lang='grc' dir='ltr'>γῆ</span> <span class='ocrx_word' id='word_1_335' title='bbox 936 3665 977 3718; x_wconf 81' lang='grc' dir='ltr'>καί</span> <span class='ocrx_word' id='word_1_336' title='bbox 1004 3661 1194 3736; x_wconf 88' lang='grc' dir='ltr'>ἀναρπαζομένη</span> <span class='ocrx_word' id='word_1_337' title='bbox 1222 3664 1299 3718; x_wconf 91' lang='grc' dir='ltr'>πόλις</span> 
     </span>
     <span class='ocr_line' id='line_1_34' title="bbox 196 3761 1300 3840; baseline -0.006 -18"><span class='ocrx_word' id='word_1_338' title='bbox 196 3767 237 3822; x_wconf 78' lang='grc' dir='ltr'>καί</span> <span class='ocrx_word' id='word_1_339' title='bbox 250 3767 331 3840; x_wconf 88' lang='grc' dir='ltr'>γῆρας</span> <span class='ocrx_word' id='word_1_340' title='bbox 346 3767 597 3837; x_wconf 87' lang='grc' dir='ltr'>προπηλακιζόμενον</span> <span class='ocrx_word' id='word_1_341' title='bbox 614 3766 656 3818; x_wconf 80' lang='grc' dir='ltr'>καὶ</span> <span class='ocrx_word' id='word_1_342' title='bbox 674 3767 791 3837; x_wconf 84' lang='grc' dir='ltr'>γυναῖκες</span> <span class='ocrx_word' id='word_1_343' title='bbox 807 3763 965 3836; x_wconf 84' lang='grc' dir='ltr'>ἀπαγόμενοι</span> <span class='ocrx_word' id='word_1_344' title='bbox 982 3763 1023 3816; x_wconf 81' lang='grc' dir='ltr'>καί</span> <span class='ocrx_word' id='word_1_345' title='bbox 1042 3763 1115 3817; x_wconf 83' lang='grc' dir='ltr'>τέκνα</span> <span class='ocrx_word' id='word_1_346' title='bbox 1133 3762 1163 3830; x_wconf 81' lang='grc' dir='ltr'>ἐξ</span> <span class='ocrx_word' id='word_1_347' title='bbox 1181 3761 1300 3834; x_wconf 83' lang='grc' dir='ltr'>ἀγκαλῶν</span> 
     </span>
    </p>
   </div>
   <div class='ocr_carea' id='block_1_6' title="bbox 192 3899 1300 4592">
    <p class='ocr_par' dir='ltr' id='par_1_6' title="bbox 192 3899 1300 4592">
     <span class='ocr_line' id='line_1_35' title="bbox 231 3899 1300 3967; baseline -0.006 -13"><span class='ocrx_word' id='word_1_348' title='bbox 231 3903 382 3954; x_wconf 81' lang='grc' dir='ltr'>ιδάδά.Β</span> <span class='ocrx_word' id='word_1_349' title='bbox 416 3909 426 3964; x_wconf 79' lang='grc' dir='ltr'>ΙΙ</span> <span class='ocrx_word' id='word_1_350' title='bbox 462 3901 574 3967; x_wconf 80' lang='grc' dir='ltr'>5όχλοις</span> <span class='ocrx_word' id='word_1_351' title='bbox 585 3899 711 3964; x_wconf 82' lang='grc' dir='ltr'>δμαθέντες</span> <span class='ocrx_word' id='word_1_352' title='bbox 722 3902 791 3965; x_wconf 78' lang='lat' dir='ltr'><strong>vulg.</strong></span> <span class='ocrx_word' id='word_1_353' title='bbox 804 3902 900 3950; x_wconf 80' lang='grc' dir='ltr'>οοςτ.Β</span> <span class='ocrx_word' id='word_1_354' title='bbox 941 3905 951 3961; x_wconf 83' lang='grc' dir='ltr'>ΙΙ</span> <span class='ocrx_word' id='word_1_355' title='bbox 995 3913 1024 3950; x_wconf 79' lang='grc' dir='ltr'>Ῑς</span> <span class='ocrx_word' id='word_1_356' title='bbox 1037 3899 1300 3962; x_wconf 80' lang='grc' dir='ltr'>πάιὲνσ.γινομὲνοιι</span> 
     </span>
     <span class='ocr_line' id='line_1_36' title="bbox 192 3976 1300 4044; baseline -0.006 -11"><span class='ocrx_word' id='word_1_357' title='bbox 192 3982 236 4038; x_wconf 82' lang='grc' dir='ltr'>,διὰ</span> <span class='ocrx_word' id='word_1_358' title='bbox 247 3980 380 4032; x_wconf 83' lang='grc' dir='ltr'>δακτυλίων</span> <span class='ocrx_word' id='word_1_359' title='bbox 389 3980 508 4044; x_wconf 80' lang='grc' dir='ltr'>παροινίας</span> <span class='ocrx_word' id='word_1_360' title='bbox 518 3982 556 4030; x_wconf 89' lang='lat' dir='ltr'>B:</span> <span class='ocrx_word' id='word_1_361' title='bbox 574 3979 617 4028; x_wconf 80' lang='grc' dir='ltr'>τὰς</span> <span class='ocrx_word' id='word_1_362' title='bbox 629 3981 655 4028; x_wconf 77' lang='grc' dir='ltr'>έν</span> <span class='ocrx_word' id='word_1_363' title='bbox 663 3995 687 4029; x_wconf 90' lang='grc' dir='ltr'>σ.</span> <span class='ocrx_word' id='word_1_364' title='bbox 695 3977 838 4040; x_wconf 83' lang='grc' dir='ltr'>κενουμένας</span> <span class='ocrx_word' id='word_1_365' title='bbox 849 3978 887 4028; x_wconf 79' lang='grc' dir='ltr'>διὰ</span> <span class='ocrx_word' id='word_1_366' title='bbox 898 3978 1022 4028; x_wconf 81' lang='grc' dir='ltr'>δακτύλων</span> <span class='ocrx_word' id='word_1_367' title='bbox 1031 3976 1171 4042; x_wconf 80' lang='grc' dir='ltr'>πλησμονάς</span> <span class='ocrx_word' id='word_1_368' title='bbox 1179 3977 1300 4028; x_wconf 79' lang='lat' dir='ltr'>Doehner</span> 
     </span>
     <span class='ocr_line' id='line_1_37' title="bbox 198 4057 1300 4125; baseline -0.005 -15"><span class='ocrx_word' id='word_1_369' title='bbox 198 4067 208 4123; x_wconf 86' lang='grc' dir='ltr'>ΙΙ</span> <span class='ocrx_word' id='word_1_370' title='bbox 225 4076 255 4125; x_wconf 81' lang='lat'>13</span> <span class='ocrx_word' id='word_1_371' title='bbox 267 4059 332 4110; x_wconf 77' lang='grc' dir='ltr'>πάνυ</span> <span class='ocrx_word' id='word_1_372' title='bbox 343 4058 494 4124; x_wconf 77' lang='grc' dir='ltr'>γαστέρονΒ</span> <span class='ocrx_word' id='word_1_373' title='bbox 524 4065 534 4119; x_wconf 78' lang='grc' dir='ltr'>ΙΙ</span> <span class='ocrx_word' id='word_1_374' title='bbox 565 4072 597 4121; x_wconf 88' lang='lat'>14</span> <span class='ocrx_word' id='word_1_375' title='bbox 607 4059 705 4122; x_wconf 84' lang='grc' dir='ltr'>σκηναΐι</span> <span class='ocrx_word' id='word_1_376' title='bbox 717 4059 770 4108; x_wconf 86' lang='lat' dir='ltr'><strong>cod.</strong></span> <span class='ocrx_word' id='word_1_377' title='bbox 785 4058 899 4115; x_wconf 77' lang='grc' dir='ltr'>Ρα1,,Β;</span> <span class='ocrx_word' id='word_1_378' title='bbox 920 4059 1040 4107; x_wconf 77' lang='lat' dir='ltr'>excidisse</span> <span class='ocrx_word' id='word_1_379' title='bbox 1050 4058 1171 4106; x_wconf 69' lang='lat' dir='ltr'>nonnulla</span> <span class='ocrx_word' id='word_1_380' title='bbox 1180 4057 1300 4106; x_wconf 79' lang='lat' dir='ltr'><strong>videntur</strong></span> 
     </span>
     <span class='ocr_line' id='line_1_38' title="bbox 199 4133 1299 4202; baseline -0.006 -13"><span class='ocrx_word' id='word_1_381' title='bbox 199 4145 209 4200; x_wconf 88' lang='grc' dir='ltr'>ΙΙ</span> <span class='ocrx_word' id='word_1_382' title='bbox 226 4139 443 4202; x_wconf 76' lang='grc' dir='ltr'>15διαχυθῆναιΒ</span> <span class='ocrx_word' id='word_1_383' title='bbox 484 4143 494 4198; x_wconf 86' lang='grc' dir='ltr'>ΙΙ</span> <span class='ocrx_word' id='word_1_384' title='bbox 537 4136 637 4186; x_wconf 78' lang='lat' dir='ltr'><strong>16f0rt.</strong></span> <span class='ocrx_word' id='word_1_385' title='bbox 650 4133 876 4199; x_wconf 80' lang='grc' dir='ltr'>είταμιαιφονεΐσθε</span> <span class='ocrx_word' id='word_1_386' title='bbox 917 4141 927 4197; x_wconf 87' lang='grc' dir='ltr'>ΙΙ</span> <span class='ocrx_word' id='word_1_387' title='bbox 974 4133 1112 4198; x_wconf 66' lang='grc' dir='ltr'>ιημάστιξι</span> <span class='ocrx_word' id='word_1_388' title='bbox 1124 4135 1191 4198; x_wconf 85' lang='lat' dir='ltr'>vulg.</span> <span class='ocrx_word' id='word_1_389' title='bbox 1203 4134 1299 4183; x_wconf 74' lang='lat' dir='ltr'><strong>oomss</strong></span> 
     </span>
     <span class='ocr_line' id='line_1_39' title="bbox 197 4209 1300 4282; baseline -0.007 -14"><span class='ocrx_word' id='word_1_390' title='bbox 197 4219 312 4268; x_wconf 79' lang='lat' dir='ltr'>Hercher</span> <span class='ocrx_word' id='word_1_391' title='bbox 357 4223 367 4278; x_wconf 83' lang='grc' dir='ltr'>ΙΙ</span> <span class='ocrx_word' id='word_1_392' title='bbox 416 4231 446 4282; x_wconf 92' lang='lat'>19</span> <span class='ocrx_word' id='word_1_393' title='bbox 459 4213 725 4280; x_wconf 75' lang='grc' dir='ltr'>σφαγῆνκαὶθανάτων</span> <span class='ocrx_word' id='word_1_394' title='bbox 736 4215 766 4274; x_wconf 89' lang='grc' dir='ltr'>Β,</span> <span class='ocrx_word' id='word_1_395' title='bbox 779 4215 866 4278; x_wconf 78' lang='lat' dir='ltr'>vulg.:</span> <span class='ocrx_word' id='word_1_396' title='bbox 884 4229 946 4263; x_wconf 79' lang='lat' dir='ltr'>corr.</span> <span class='ocrx_word' id='word_1_397' title='bbox 959 4214 994 4261; x_wconf 89' lang='lat' dir='ltr'>W</span> <span class='ocrx_word' id='word_1_398' title='bbox 1040 4219 1050 4273; x_wconf 80' lang='grc' dir='ltr'>[Ι</span> <span class='ocrx_word' id='word_1_399' title='bbox 1100 4212 1130 4261; x_wconf 81' lang='lat'>26</span> <span class='ocrx_word' id='word_1_400' title='bbox 1143 4209 1300 4261; x_wconf 53' lang='lat' dir='ltr'>fortaofsfik</span> 
     </span>
     <span class='ocr_line' id='line_1_40' title="bbox 196 4289 1300 4361; baseline -0.005 -15"><span class='ocrx_word' id='word_1_401' title='bbox 196 4295 294 4361; x_wconf 79' lang='grc' dir='ltr'>πτέρναι</span> <span class='ocrx_word' id='word_1_402' title='bbox 313 4301 323 4356; x_wconf 87' lang='grc' dir='ltr'>ΙΙ</span> <span class='ocrx_word' id='word_1_403' title='bbox 343 4305 374 4358; x_wconf 81' lang='lat'>27</span> <span class='ocrx_word' id='word_1_404' title='bbox 391 4291 469 4357; x_wconf 82' lang='grc' dir='ltr'>τάχος</span> <span class='ocrx_word' id='word_1_405' title='bbox 476 4293 576 4344; x_wconf 73' lang='lat' dir='ltr'><strong>Aldina</strong></span> <span class='ocrx_word' id='word_1_406' title='bbox 586 4311 592 4343; x_wconf 79' lang='lat' dir='ltr'>t</span> <span class='ocrx_word' id='word_1_407' title='bbox 610 4290 689 4356; x_wconf 83' lang='grc' dir='ltr'>πάχος</span> <span class='ocrx_word' id='word_1_408' title='bbox 699 4293 770 4342; x_wconf 77' lang='lat' dir='ltr'><strong>codd.</strong></span> <span class='ocrx_word' id='word_1_409' title='bbox 782 4291 904 4341; x_wconf 58' lang='grc' dir='ltr'>Μουκία.</span> <span class='ocrx_word' id='word_1_410' title='bbox 913 4292 976 4351; x_wconf 69' lang='lat' dir='ltr'><strong>Pal„</strong></span> <span class='ocrx_word' id='word_1_411' title='bbox 986 4291 1042 4340; x_wconf 91' lang='lat' dir='ltr'>WB</span> <span class='ocrx_word' id='word_1_412' title='bbox 1060 4295 1070 4352; x_wconf 88' lang='grc' dir='ltr'>ΙΙ</span> <span class='ocrx_word' id='word_1_413' title='bbox 1092 4292 1121 4338; x_wconf 81' lang='lat'>28</span> <span class='ocrx_word' id='word_1_414' title='bbox 1133 4289 1202 4340; x_wconf 78' lang='grc' dir='ltr'>οὐδὲν</span> <span class='ocrx_word' id='word_1_415' title='bbox 1213 4291 1300 4354; x_wconf 53' lang='lat' dir='ltr'>vulga</span> 
     </span>
     <span class='ocr_line' id='line_1_41' title="bbox 198 4366 1299 4436; baseline -0.005 -12"><span class='ocrx_word' id='word_1_416' title='bbox 198 4374 276 4424; x_wconf 72' lang='grc' dir='ltr'>οὐδενί</span> <span class='ocrx_word' id='word_1_417' title='bbox 288 4374 340 4424; x_wconf 85' lang='lat' dir='ltr'><strong>cod.</strong></span> <span class='ocrx_word' id='word_1_418' title='bbox 352 4374 440 4422; x_wconf 51' lang='lat' dir='ltr'>Maza</span> <span class='ocrx_word' id='word_1_419' title='bbox 458 4373 516 4421; x_wconf 76' lang='lat' dir='ltr'><strong>fort.</strong></span> <span class='ocrx_word' id='word_1_420' title='bbox 528 4370 583 4420; x_wconf 76' lang='grc' dir='ltr'>οὐδὲ</span> <span class='ocrx_word' id='word_1_421' title='bbox 596 4372 647 4436; x_wconf 85' lang='lat' dir='ltr'>(vel</span> <span class='ocrx_word' id='word_1_422' title='bbox 658 4369 707 4419; x_wconf 79' lang='grc' dir='ltr'>οὐδ’</span> <span class='ocrx_word' id='word_1_423' title='bbox 718 4369 752 4419; x_wconf 77' lang='grc' dir='ltr'>ἔνι</span> <span class='ocrx_word' id='word_1_424' title='bbox 764 4375 786 4432; x_wconf 75' lang='grc' dir='ltr'>ξ.</span> <span class='ocrx_word' id='word_1_425' title='bbox 798 4367 821 4420; x_wconf 83' lang='grc' dir='ltr'>ά.</span> <span class='ocrx_word' id='word_1_426' title='bbox 835 4370 922 4432; x_wconf 81' lang='grc' dir='ltr'>ποιεῖν)</span> <span class='ocrx_word' id='word_1_427' title='bbox 966 4375 976 4430; x_wconf 80' lang='grc' dir='ltr'>ΙΙ</span> <span class='ocrx_word' id='word_1_428' title='bbox 1021 4383 1050 4433; x_wconf 84' lang='lat'>29</span> <span class='ocrx_word' id='word_1_429' title='bbox 1062 4370 1137 4418; x_wconf 84' lang='grc' dir='ltr'>τοῦτο</span> <span class='ocrx_word' id='word_1_430' title='bbox 1148 4366 1299 4431; x_wconf 81' lang='grc' dir='ltr'>δέονδνείη.</span> 
     </span>
     <span class='ocr_line' id='line_1_42' title="bbox 197 4444 1299 4516; baseline -0.005 -15"><span class='ocrx_word' id='word_1_431' title='bbox 197 4456 249 4516; x_wconf 80' lang='grc' dir='ltr'>ἠπ.</span> <span class='ocrx_word' id='word_1_432' title='bbox 261 4453 288 4501; x_wconf 70' lang='grc' dir='ltr'>ἐν</span> <span class='ocrx_word' id='word_1_433' title='bbox 299 4449 427 4516; x_wconf 82' lang='grc' dir='ltr'>κρείττοσι.</span> <span class='ocrx_word' id='word_1_434' title='bbox 439 4447 468 4497; x_wconf 83' lang='grc' dir='ltr'>τὸ</span> <span class='ocrx_word' id='word_1_435' title='bbox 480 4447 599 4506; x_wconf 81' lang='grc' dir='ltr'>ἀβέβαιον</span> <span class='ocrx_word' id='word_1_436' title='bbox 615 4447 642 4498; x_wconf 74' lang='grc' dir='ltr'>δὲ</span> <span class='ocrx_word' id='word_1_437' title='bbox 659 4447 764 4498; x_wconf 78' lang='grc' dir='ltr'>τέλοςΒ</span> <span class='ocrx_word' id='word_1_438' title='bbox 799 4454 809 4510; x_wconf 87' lang='grc' dir='ltr'>ΙΙ</span> <span class='ocrx_word' id='word_1_439' title='bbox 846 4461 874 4510; x_wconf 80' lang='lat'>31</span> <span class='ocrx_word' id='word_1_440' title='bbox 888 4447 945 4497; x_wconf 75' lang='lat' dir='ltr'>fort.</span> <span class='ocrx_word' id='word_1_441' title='bbox 958 4447 1067 4496; x_wconf 77' lang='grc' dir='ltr'>εὐκταῖον</span> <span class='ocrx_word' id='word_1_442' title='bbox 1101 4453 1111 4508; x_wconf 85' lang='grc' dir='ltr'>ΙΙ</span> <span class='ocrx_word' id='word_1_443' title='bbox 1146 4444 1299 4509; x_wconf 80' lang='grc' dir='ltr'>πλέονήόμ.</span> 
     </span>
     <span class='ocr_line' id='line_1_43' title="bbox 199 4528 627 4592; baseline -0.012 -12"><span class='ocrx_word' id='word_1_444' title='bbox 199 4532 237 4581; x_wconf 91' lang='lat' dir='ltr'>B:</span> <span class='ocrx_word' id='word_1_445' title='bbox 256 4532 312 4580; x_wconf 77' lang='lat' dir='ltr'>fort.</span> <span class='ocrx_word' id='word_1_446' title='bbox 325 4528 399 4580; x_wconf 84' lang='grc' dir='ltr'>πλέον</span> <span class='ocrx_word' id='word_1_447' title='bbox 411 4528 458 4577; x_wconf 79' lang='grc' dir='ltr'>πᾶν</span> <span class='ocrx_word' id='word_1_448' title='bbox 469 4529 508 4589; x_wconf 84' lang='grc' dir='ltr'>όμ.</span> <span class='ocrx_word' id='word_1_449' title='bbox 523 4528 627 4592; x_wconf 74' lang='grc' dir='ltr'>σφαγῶν</span> 
     </span>
    </p>
   </div>
   <div class='ocr_carea' id='block_1_7' title="bbox 0 0 1643 5174">
    <p class='ocr_par' dir='ltr' id='par_1_7' title="bbox 0 0 1643 5174">
     <span class='ocr_line' id='line_1_44' title="bbox 0 0 1643 5174; baseline 0 0"><span class='ocrx_word' id='word_1_450' title='bbox 0 0 1643 5174; x_wconf 95' lang='lat' dir='ltr'> </span> 
     </span>
    </p>
   </div>
  </div>
 </body>
</html>
