3252 5174
667 452 881 500 ΗΡΑΚΛΕΙΤΟΥ
903 453 1045 500 ΕΦΕΣΙΟΥ

822 622 892 687 ΙΝ.

306 721 384 792 Πᾶν
400 723 539 821 ἑρπετόν
557 729 673 822 πληγῇ
689 729 828 812 νέμεται.

812 875 903 940 LVI.

304 992 513 1074 Παλίνπονος
530 999 667 1094 ἁρμονίη
684 998 811 1082 κόσμου
828 999 980 1095 ὅκωσπερ
997 999 1094 1095 λύρης
1110 998 1162 1068 καὶ
1180 995 1293 1092 πύξου.

303 1221 409 1283 Caelii
424 1223 505 1283 Belb.
519 1244 547 1300 p.
561 1222 610 1303 18)
623 1245 629 1282 :
643 1224 752 1302 legitur
766 1224 798 1283 in
811 1223 973 1302 proverbiis
982 1223 1221 1301 philoetphorum
1237 1223 1325 1300 quod,
1339 1243 1406 1282 eum

302 1321 424 1398 quidem
446 1322 556 1382 dieeret
578 1323 713 1382 audiente
735 1322 908 1400 Pythagora,
931 1323 1009 1401 quod
1030 1321 1170 1381 libentius
1190 1326 1354 1381 moraretur
1374 1321 1406 1379 in

301 1419 457 1479 mulierum
471 1421 616 1480 eonsortie
631 1441 720 1499 quum
734 1422 765 1480 in
779 1421 1019 1498 philosophorum
1040 1421 1239 1494 contubernio,
1254 1419 1405 1496 respondit

300 1517 500 1597 Pythagorae:
523 1518 565 1578 Et
579 1538 628 1578 sus
641 1519 780 1579 libentius
793 1520 826 1578 in
840 1520 903 1579 luto
919 1540 1006 1598 quem
1021 1519 1051 1576 in
1065 1539 1140 1596 aque
1154 1539 1228 1596 pura
1243 1515 1339 1601 [dura
1359 1518 1404 1578 ed.

299 1615 373 1677 Ven.
403 1612 602 1698 1591l-De
623 1618 738 1694 vulgari
758 1618 907 1695 proverbii
929 1618 1023 1677 forme
1042 1638 1071 1676 v.
1091 1617 1188 1675 adnot.
1211 1616 1249 1674 ed
1271 1616 1403 1674 Paroem.

249 1795 252 1800 y
299 1715 403 1775 Graec.
416 1719 439 1775 t.
454 1715 483 1788 ii,
498 1736 526 1793 p.
545 1729 604 1791 705
619 1717 661 1775 ed
679 1716 811 1793 Gotting.

340 1830 390 1871 nv.
412 1811 586 1872 An'etoteles
605 1814 641 1872 de
662 1812 774 1872 Mundo
794 1816 821 1885 6,
841 1834 870 1891 p.
886 1833 942 1887 401
954 1816 1005 1872 ω8
1022 1811 1218 1892 (=Apuleius
1240 1811 1276 1869 de
1293 1811 1405 1868 Mundo

298 1912 360 1986 363
383 1910 523 1970 Stobaeus
537 1911 598 1972 Eel.
614 1911 634 1970 l.
651 1932 678 1985 2,
692 1931 720 1988 p.
737 1909 804 1990 86):
826 1920 878 1968 τῶν
891 1936 920 1968 τε
935 1913 1004 1988 ζῴων
1017 1915 1049 1968 τά
1067 1936 1096 1967 πε
1114 1913 1191 1986 ὅγρια
1209 1914 1251 1967 καὶ
1269 1911 1357 1984 ἥμερα,
1372 1913 1404 1965 τό

297 2033 327 2064 πε
352 2011 379 2065 ἐν
400 2009 456 2083 ἇέρι
478 2011 519 2065 καὶ
544 2011 587 2066 ε’πὶ
607 2013 654 2084 γῆς
676 2012 716 2066 καὶ
738 2011 765 2065 ε’ν
787 2009 861 2067 ὕδατι
881 2015 1038 2081 βοσκόμενα,
1060 2011 1158 2083 γίνεται
1178 2011 1219 2064 καὶ
1239 2009 1344 2078 ἀκμάζει
1365 2009 1405 2062 καί

296 2108 433 2180 φθείρεται
460 2113 513 2166 τοῖς
537 2113 583 2164 τοῦ
609 2109 668 2164 θεοῦ
691 2109 827 2180 πειθόμενα
849 2110 964 2180 θεσμοῖς·
999 2113 1049 2164 πᾶν
1076 2109 1127 2181 γὰρ
1149 2109 1258 2180 ἑρπετὸν
1284 2108 1331 2177 τὴν
1356 2109 1405 2178 γῆν

296 2205 406 2277 νέμεται,
422 2207 456 2262 ὥς
470 2209 555 2279 φησιν
565 2206 735 2280 Ἡράκλειτος
749 2202 835 2283 (conf.
851 2204 947 2264 Schol.
962 2206 1000 2264 ad
1013 2205 1137 2265 Nicand.
1153 2201 1294 2278 Alexlph.
1313 2217 1347 2278 17
1370 2201 1392 2282 l.

337 2319 400 2360 nvn
424 2301 598 2362 Plutarchus
619 2302 655 2361 de
675 2303 835 2380 Tmnquill.
854 2317 900 2377 15,
914 2323 942 2380 p.
958 2317 1032 2379 473:
1055 2304 1206 2360 παλίντονος
1225 2303 1275 2376 γὰρ
1297 2301 1404 2375 ἁρμονίη

295 2406 404 2472 κόσμον,
419 2402 538 2475 ὅκωσπερ
551 2403 632 2475 λύρης
646 2405 685 2458 καί
702 2405 788 2472 τόξου·
814 2406 854 2460 καὶ
872 2409 924 2459 τῶν
944 2403 1108 2476 ἀνθρωπίνων
1126 2401 1238 2473 καθαρὸν
1256 2401 1330 2456 οὐδὲν
1349 2402 1401 2456 οὐδ’

294 2499 393 2571 ἀμιγές,
413 2499 473 2554 ἀλλ’
488 2502 577 2572 ὥσπερ
599 2501 626 2556 ἐν
646 2506 756 2572 μουσικῇ
777 2505 867 2574 βαρεῖς
887 2503 1002 2575 φθόγγοι
1024 2503 1066 2556 καὶ
1085 2501 1154 2570 ὀξεῖς
1174 2496 1343 2556 xre-Idem
1365 2497 1401 2556 de

295 2594 376 2654 Iside
402 2610 449 2670 45,
470 2616 500 2673 p.
523 2597 601 2672 369:
633 2599 783 2656 παλίντονος
803 2601 854 2674 γὰρ
874 2599 979 2673 ἁρμονίη
1000 2604 1099 2668 κόσμου
1120 2598 1240 2670 ὅκωσπερ
1261 2595 1341 2669 λύρης
1362 2597 1403 2651 καί

295 2695 382 2764 τόξου,
399 2694 453 2750 καθ’
460 2695 637 2768 Ἡράκλειτον·
659 2698 702 2751 καὶ
714 2697 769 2752 κατ’
781 2698 929 2772 Εὐριπίδην·
952 2699 1005 2752 Οὔκ
1019 2698 1050 2752 όν
1063 2695 1162 2770 γε’νοιπο
1170 2697 1250 2768 χωρίς
1265 2695 1348 2750 ε’σθλίι
1362 2696 1403 2750 καὶ

294 2794 365 2864 κακύ,
380 2791 440 2847 ἀλλ’
455 2794 514 2848 ἔστι
533 2817 572 2850 τις
592 2792 737 2866 σύγκρασις
757 2795 820 2850 ὅστ’
836 2796 905 2866 ἔχειν
921 2791 1224 2869 fluide-Porphyrius
1245 2792 1281 2849 de
1302 2790 1400 2849 Andro

295 2888 415 2966 nymph.
433 2909 488 2967 29:
510 2894 551 2946 καὶ
569 2891 673 2963 κέντρον
692 2894 722 2947 τὸ
742 2894 789 2964 μὲν
808 2894 873 2966 ὑπὲρ
892 2897 941 2966 γῆν
963 2893 993 2948 τό
1014 2893 1037 2948 δ’
1051 2894 1178 2966 ὑπόγειον,
1193 2893 1224 2946 τὸ
1243 2892 1292 2963 μὲν
1312 2890 1401 2946 ἄνατο-

292 2991 366 3044 λικὸν
379 2991 409 3044 τό
428 2991 456 3044 de*
476 2990 585 3044 ὅντικὸν·
606 2992 647 3045 καί
665 2992 698 3045 τὰ
717 2992 764 3062 μὲν
784 2991 907 3064 ἀριστερὰ
928 2992 960 3046 vd
980 2992 1009 3045 όέ
1029 2991 1111 3060 δεξιά·
1134 2988 1180 3058 νύξ
1200 3013 1229 3044 πε
1249 2991 1289 3044 καί
1311 2989 1398 3060 ἡμέρα.

293 3090 336 3143 καὶ
349 3088 391 3143 διὰ
409 3091 484 3144 τοῦτο
501 3089 653 3144 παλίντονος
667 3087 681 3157 ἡ
695 3090 803 3160 ἁρμονία
823 3091 862 3143 καὶ
883 3087 982 3157 τοξεύει
1003 3083 1084 3168 [fori.
1098 3111 1126 3145 π.
1136 3087 1160 3157 ἡ.
1170 3092 1193 3144 d.
1210 3089 1300 3160 ὥσπερ
1319 3085 1401 3157 λύρας

292 3187 334 3240 κοί
354 3186 440 3257 τόξου,
459 3180 494 3266 εί]
515 3187 557 3240 διὰ
576 3191 628 3241 τῶν
647 3184 976 3261 &tantun—Simplicius
991 3183 1024 3242 in
1041 3183 1126 3261 Phys.
1145 3184 1193 3242 fol.
1213 3203 1246 3242 11
1258 3203 1278 3241 α
1292 3181 1344 3261 (ad
1362 3183 1398 3241 fr.

292 3279 385 3341 LVII
412 3280 599 3362 elil—(lons.
628 3283 711 3342 Philo
740 3283 796 3356 Qu.
824 3282 856 3341 in
884 3282 956 3341 Gen.
986 3281 1027 3341 iii.
1058 3297 1085 3357 5,
1113 3301 1143 3358 p.
1171 3284 1227 3355 178
1256 3279 1397 3339 Anthen:

291 3379 442 3437 sciendum
456 3385 501 3438 est
520 3385 628 3450 temen,
643 3379 732 3438 etiem
750 3383 848 3456 partes
867 3378 971 3438 mundi
990 3377 1145 3456 bipertitas
1166 3397 1229 3436 esse
1247 3381 1278 3435 et
1296 3383 1399 3435 contre

290 3476 461 3536 seinvicem
476 3477 662 3535 constitutae:
684 3481 795 3536 terram
808 3477 840 3535 in
854 3476 944 3535 situm
961 3481 1133 3534 montanum
1147 3483 1176 3535 et
1191 3480 1395 3551 campestrem

289 3595 397 3651 aquam
417 3575 449 3632 in
469 3575 583 3634 dulcem
604 3579 634 3634 et
654 3575 776 3634 selsam:
804 3576 920 3635 dulcem
940 3579 1013 3651 puta
1034 3595 1097 3634 eem
1119 3594 1207 3652 quam
1227 3573 1397 3631 ministrant

291 3672 386 3730 fontes
408 3677 438 3732 et
458 3691 564 3744 amnes,
580 3672 684 3732 selsam
698 3693 766 3734 vero
787 3673 943 3732 murinam:
965 3673 1041 3732 sieut
1060 3672 1149 3732 etiam
1162 3691 1211 3730 aer
1225 3670 1256 3729 in
1270 3670 1396 3729 hiemem

324 3883 365 3920 nv.
382 3870 428 3932 τὴν
438 3871 487 3934 γῆν
502 3871 585 3936 vulg.:
603 3875 688 3934 πληγῇ
700 3871 803 3921 Stobeei
818 3872 872 3921 cod.
885 3873 919 3930 A,
930 3871 997 3935 quod
1015 3871 1072 3920 coll.
1084 3871 1151 3918 Plat.
1163 3869 1235 3919 criti.
1247 3883 1294 3934 109
1306 3870 1329 3917 B
1344 3885 1395 3918 am·

289 3949 378 4014 plexus
395 3954 434 3997 eut
450 3949 590 4013 Bergkius:
619 3950 756 4013 pleniorem
772 3950 905 3999 lectionem
925 3966 1025 4000 servare
1043 3949 1203 3998 existimatur
1219 3947 1324 4011 Apuleii
1340 3947 1395 3995 eod.

290 4027 359 4076 Flor.
382 4028 425 4090 qui
451 4027 571 4092 praebet:
602 4025 1395 4077 aMennessANTAeYePRePuMOSSARRINAMePPeSSeT

288 4105 526 4166 ONOSSAHYTI,
534 4107 658 4170 inquibus
667 4107 766 4155 aliialia
774 4106 874 4155 vident:
893 4106 946 4154 νοῦς
954 4105 1048 4154 ἅπαντα
1058 4103 1189 4168 εὐεργετῶν
1198 4104 1228 4152 ὡς
1234 4100 1264 4150 ὅν
1272 4121 1326 4152 τινα
1333 4101 1394 4166 μόρη

289 4183 401 4244 σώματος
415 4183 491 4234 όῖδίον
502 4185 623 4242 Vossiun;
644 4183 677 4235 είς
690 4187 784 4234 ἅπαντα
797 4183 895 4248 ὅιέρπων
907 4185 958 4249 (vel
973 4182 1070 4246 διόπων)
1082 4181 1171 4242 κόσμοι
1182 4183 1287 4247 κυβερνᾷ
1301 4197 1396 4243 μεμερι-

289 4261 377 4322 σμένοι
390 4263 412 4312 le
423 4264 517 4313 ἅπαντα
529 4267 653 4330 Bernays;
670 4264 726 4314 Ζεὺι
738 4264 832 4313 ἅπαντα
840 4268 954 4329 κυβερνᾷ,
966 4262 1074 4327 ὅκωσπερ
1086 4261 1184 4323 νέμεται
1197 4260 1299 4324 ἑρπετὸν
1310 4263 1394 4324 πληγῇ

288 4341 331 4389 vel
347 4339 419 4403 Ζηνὸι
435 4341 528 4393 ἅπαντα
544 4343 688 4407 κυβερνᾶται
705 4343 789 4406 γνώμη
803 4344 867 4406 (sive
883 4341 941 4407 νόῳ)
953 4341 1064 4405 ὅκωσπερ
1080 4339 1178 4402 νέμεται
1196 4338 1296 4402 ἑρπετὸν
1310 4342 1394 4403 πληγῇ

288 4419 390 4482 Bergk;
408 4419 463 4469 Ζεῢι
475 4419 568 4470 ἅπαντα
581 4422 707 4484 εὐεργετεῖ
714 4421 776 4483 ὁμῶς
787 4421 817 4470 ὧι
828 4423 858 4470 ἄν
870 4439 925 4470 τινα
936 4419 995 4485 μέρη
1008 4420 1118 4481 adparet
1129 4419 1205 4469 αὑτοῦ
1216 4418 1381 4468 Goldbeeher.

322 4510 374 4547 τινι.
393 4498 451 4550 πό.
466 4497 538 4562 λύρης
552 4497 660 4563 ὅκωσπερ
677 4499 749 4563 τόξου
764 4501 805 4548 vel
819 4518 842 4549 π.
857 4499 880 4548 d.
898 4499 1006 4562 ὅκωσπερ
1021 4497 1093 4561 τόξου
1113 4497 1247 4558 <οὸτω>
1264 4495 1303 4544 καί
1319 4495 1392 4560 λύρην

287 4574 395 4626 voluisse
407 4576 566 4626 Heraclitum
578 4577 671 4626 conicit
682 4579 807 4642 Bergkiuu
817 4579 851 4626 ad
862 4578 921 4642 Lyr.
936 4578 1023 4627 Graec.
1037 4595 1061 4642 p.
1076 4586 1120 4642 79²
1135 4577 1174 4626 ed.
1185 4581 1243 4626 tert.
