3252 5174
640 457 718 505 ΠΕΡΙ
739 456 874 506 ΦΥΣΕΩΣ.

718 679 794 743 LII.

207 808 377 884 Θάλασσα
399 811 481 911 ύδωρ
508 815 744 910 καθαρώτατον
773 811 826 883 καῖ
855 813 1079 909 μιαρώτατον,
1109 811 1220 906 ἰχθύσι
1250 807 1308 894 μὲν

207 924 350 1010 πότιμον
367 924 420 997 καί
438 927 609 1023 σωτήριον,
627 925 809 1024 ἀνθρώποις
828 921 861 995 δὲ
879 921 1009 995 ἄποτον
1025 922 1077 994 καῖ
1095 923 1257 1021 ὀλέθριον.

710 1115 807 1181 LIII.

253 1230 428 1312 Columella
449 1247 488 1311 de
511 1246 552 1312 R.
576 1245 616 1311 R.
639 1245 705 1312 viii.
729 1266 768 1328 4:
800 1246 900 1312 siccus
920 1246 1018 1311 etiam
1039 1245 1144 1330 pulvis
1166 1249 1198 1310 et
1220 1242 1313 1323 einis‚'

209 1349 387 1434 ubicunque
423 1350 584 1414 cohortem
621 1350 761 1433 porticus
797 1351 849 1414 vel
882 1355 1005 1414 tectum
1041 1348 1190 1432 protegit,
1221 1347 1316 1411 iuxta·
1392 1415 1396 1424 ,
1495 1381 1497 1388 ·

208 1455 344 1538 parietes
361 1455 558 1538 reponendus
576 1457 633 1530 est,
653 1458 690 1517 ut
709 1453 752 1517 sit
772 1475 834 1537 quo
856 1475 929 1518 eves
948 1475 980 1517 se
1002 1452 1212 1537 perfundant:
1235 1471 1310 1514 nam

209 1557 261 1621 his
286 1557 379 1621 rebus
402 1555 543 1641 plumam
574 1557 748 1641 pinnasque
776 1557 954 1633 emendent,
980 1555 1007 1618 si
1036 1555 1130 1619 modo
1156 1553 1310 1618 eredimus

210 1659 348 1743 Ephesio
374 1659 614 1743 Heraclitu'qui
636 1659 700 1723 air:
731 1680 815 1723 sues
841 1680 966 1737 coeno,
988 1657 1202 1724 eohorlales
1223 1677 1312 1721 aves

211 1763 366 1847 pulvere
389 1759 453 1850 (vel
475 1761 616 1851 cinere)
637 1762 769 1827 lavari.

718 1951 808 2016 LIV.

212 2060 381 2160 Βορβύριρ
398 2061 535 2157 χαίρειν.

249 2303 303 2346 nn.
327 2286 506 2363 Hippolytus
521 2285 585 2344 Ref.
596 2283 675 2344 haer.
688 2283 727 2343 ix.
740 2303 777 2342 10
789 2301 796 2342 τ
820 2285 860 2340 καὶ
874 2286 904 2339 τὸ
918 2288 1010 2357 μιαρόν
1022 2287 1091 2356 φησι
1105 2283 1145 2339 καὶ
1158 2284 1189 2338 τὸ
1203 2283 1313 2356 καθαρόν

210 2383 237 2440 ἓν
260 2388 301 2442 καὶ
324 2386 419 2441 ταύτδν
441 2382 512 2451 εἶναι,
538 2387 579 2441 καὶ
602 2387 632 2440 τδ
654 2387 763 2455 πότιμον
785 2385 825 2438 καὶ
846 2385 876 2438 τδ
899 2382 995 2439 ἄποτον
1015 2381 1042 2436 ἓν
1063 2383 1103 2437 καὶ
1123 2382 1217 2436 ταύτὸν
1238 2376 1311 2437 εἶναι.

211 2486 352 2546 θάλασσα,
367 2480 458 2555 φησίν,
473 2481 542 2555 ὕδωρ
556 2482 735 2555 καθαρώτατον
747 2483 787 2536 καὶ
801 2484 970 2553 μιαρώτατον,
985 2478 1074 2551 ἰχθύσι
1090 2480 1138 2550 μὲν
1150 2482 1259 2549 πότιμον
1273 2479 1314 2535 καὶ

211 2581 346 2655 σωτήρων,
368 2581 509 2654 ἀνθρώποις
535 2581 563 2636 δὲ
587 2580 683 2635 ἄποτον
707 2581 747 2634 καῖ
772 2575 1043 2653 ὀλέθριον-Βθερὶυ.
1068 2575 1175 2636 Sextus
1201 2574 1311 2651 Empir.

211 2677 312 2755 Pyrrh.
327 2676 394 2755 hyp.
412 2676 431 2735 i.
449 2692 486 2752 55
503 2674 553 2756 (ad
566 2676 602 2734 fr.
617 2675 687 2733 LIV
701 2673 772 2754 sih).

251 2794 319 2835 nm.
341 2775 424 2836 (lons.
439 2774 566 2833 Galenus
579 2774 725 2849 Protrept.
739 2791 784 2848 13,
799 2792 826 2850 p.
842 2787 859 2847 5
875 2771 920 2833 ed.
935 2772 1018 2831 Bas:
1039 2773 1098 2844 τάχ’
1113 2772 1158 2828 οὖν
1172 2773 1215 2828 ἐπὶ
1228 2775 1265 2847 τῷ
1279 2773 1311 2828 δι’

211 2875 273 2946 ὅλης
290 2875 384 2949 ἡμέρας
404 2876 542 2945 κονίεσθαι,
557 2876 704 2930 δικαιοῦσιν·
726 2873 796 2928 ἀλλὰ
815 2875 891 2927 τοῦτό
904 2895 935 2945 γε
954 2873 995 2926 καὶ
1015 2875 1069 2928 τοῖς
1089 2870 1178 2944 ὄρτυξι
1200 2872 1241 2925 καὶ
1260 2873 1315 2927 τοῖς

212 2975 328 3048 πέρδιξιν
342 2973 459 3045 ὑπάρχει*
481 2974 521 3027 καὶ
542 2970 612 3044 εῖπερ
633 2971 676 3027 ε’πῖ
697 2970 787 3046 τούτῳ,
803 2971 868 3043 μέγα
888 2971 939 3042 χρὴ
961 2973 1068 3044 φρονεῖν
1088 2969 1131 3025 ε’πῖ
1151 2972 1187 3044 τῷ
1207 2966 1239 3024 δι’
1253 2968 1315 3038 ὅλης

212 3071 305 3143 ἡμέρας
318 3073 442 3146 βορβόρῳ
455 3070 588 3126 λούεσθαι.

253 3185 314 3228 mv.
335 3166 506 3226 Athenaeus
524 3186 552 3238 v,
574 3185 602 3242 p.
621 3168 676 3241 178
692 3165 737 3223 F:
760 3166 872 3238 ἀπρεπὲς
891 3167 942 3238 γὰρ
962 3163 1002 3234 ἦν,
1017 3167 1100 3237 φησὶν
1120 3162 1314 3235 Ἀριστοτέλης,

212 3269 281 3340 ήκειν
304 3269 340 3326 εἷς
362 3269 393 3322 τὸ
418 3269 566 3337 συμπόσιον
594 3266 643 3320 σύν
672 3265 759 3336 ἱδρῶτι
781 3266 873 3338 πολλῷ
898 3264 938 3317 καὶ
964 3267 1093 3336 κονιορτῷ.
1129 3263 1169 3317 δεῖ
1193 3264 1244 3334 γὰρ
1274 3265 1317 3318 τόν

213 3367 334 3439 χαρίεντα
348 3365 411 3436 μήτε
425 3365 508 3438 ῥυπᾶν
518 3362 581 3434 μήτε
595 3365 701 3435 αὐχμεῖν
713 3361 777 3433 μήτε
790 3363 914 3436 βορβόρῳ
928 3360 1027 3432 χαίρειν
1040 3360 1093 3416 καθ
1104 3359 1316 3431 Ἡράκλειτον-

215 3462 334 3540 Integra
361 3459 506 3520 Heracliti
540 3458 684 3518 sententia
718 3476 865 3533 superesse
893 3455 1009 3516 videtur
1036 3475 1081 3532 ap.
1111 3454 1202 3513 Olem.
1230 3453 1315 3516 Alex.

215 3559 362 3636 Protrept.
381 3578 425 3631 10,
440 3579 469 3635 p.
486 3570 543 3632 75:
566 3561 590 3614 ol
604 3559 633 3615 δέ
654 3555 792 3627 σκωλήκων
813 3555 883 3626 δίκην
903 3557 962 3627 περὶ
980 3555 1094 3626 τέλματα
1111 3557 1152 3610 καὶ
1171 3557 1317 3630 βορβόρους

215 3661 248 3715 τὰ
261 3661 351 3730 ἡδονῆς
363 3657 477 3731 ῥεύματα
491 3656 680 3729 καλινδούμενοι
697 3657 736 3729 (v.
752 3654 834 3712 Bake
848 3654 885 3712 ad
900 3652 1043 3711 Cleomed.
1056 3673 1084 3730 p.
1097 3650 1169 3731 440)
1180 3653 1318 3724 ἀνονήτους

216 3756 257 3813 καὶ
277 3755 397 3827 ἀνοήτους
417 3758 585 3821 έκβόσκονται
606 3757 715 3829 τρυφάς,
729 3755 818 3810 ύώδεις
838 3755 904 3810 τινές
923 3752 1060 3826 ἅνθρωποι.
1090 3750 1132 3810 ὕες
1151 3754 1210 3826 γάρ,
1225 3753 1317 3824 φησίν,

215 3856 317 3925 ήδονται
329 3856 452 3928 βορβόρῳ
466 3853 596 3923 μᾶλλονή
611 3855 712 3929 καθαρῷ
725 3851 806 3919 ὕδατι,
822 3853 863 3907 καὶ
876 3853 919 3906 ε’πὶ
937 3854 1043 3925 φορυτῷ
1063 3852 1232 3923 μαργαίνοντι
1254 3853 1317 3905 κατὰ

216 3955 375 4025 Δημόκριτον
390 3949 478 4030 (=fr.
492 3950 593 4011 morel.
610 3954 647 4023 48
663 3945 833 4028 Mulleeh.):
856 3968 883 4007 v.
899 3947 988 4007 eliam
1003 3947 1110 4007 Strom.
1123 3945 1143 4006 i.
1157 3965 1182 4018 1,
1191 3966 1221 4023 p.
1234 3959 1291 4021 317
1305 3966 1316 4020 3

216 4049 246 4110 ii.
266 4064 310 4124 15,
325 4069 354 4126 p.
367 4047 550 4122 465—Oonf.
563 4048 668 4107 Sextus
679 4048 792 4124 Empir.
807 4046 913 4124 Pyrrh.
927 4045 996 4123 hyp.
1010 4045 1031 4103 i.
1049 4058 1086 4120 55
1101 4065 1107 4102 ι
1128 4048 1159 4100 τὸ
1179 4046 1317 4101 θαλάττιον

217 4148 286 4224 ὕδωρ
299 4150 443 4222 ἀνθρώποις
455 4149 503 4218 μὲν
516 4149 590 4217 ἀηδές
604 4149 662 4203 ε’στι
674 4150 809 4218 πινόμενον
823 4149 863 4202 καὶ
877 4147 1055 4219 φαρμακῶδες,
1067 4143 1157 4215 ἰχθύσι
1171 4144 1198 4198 δέ
1212 4144 1317 4214 ήδιστον

217 4251 258 4304 καῖ
271 4248 381 4319 πότιμον
395 4244 483 4325 (=fr.
499 4241 581 4322 LII)·
603 4245 664 4302 σύες
684 4246 712 4301 δέ
733 4246 805 4315 ήδιον
823 4248 945 4319 βορβόρῳ
966 4240 1086 4298 λούονται
1099 4241 1317 4317 δυσωδεστάτῳή

218 4344 290 4402 ὕδατι
304 4348 392 4403 διειδεῖ
404 4347 444 4400 καὶ
458 4341 733 4420 καθαρῷ-Ρίοδῖιιιιε
746 4341 822 4399 Eun.
838 4340 857 4399 i.
871 4342 899 4411 6,
911 4359 940 4416 p.
957 4353 1014 4414 55:
1036 4342 1067 4395 τό
1080 4341 1114 4411 μή
1129 4340 1238 4413 καθαρόν
1251 4344 1317 4414 βορ-

217 4448 288 4520 βόρῳ
302 4446 343 4500 διὰ
364 4445 441 4514 κάκην
454 4445 544 4516 φίλον·
572 4439 613 4497 οἶα
633 4442 663 4512 δή
685 4443 726 4497 καὶ
746 4439 796 4511 ύες,
811 4442 841 4496 ού
861 4440 968 4512 καθαραὶ
988 4441 1018 4494 τδ
1039 4444 1123 4510 σῶμα,
1138 4440 1259 4511 χαίρουσι
1280 4443 1317 4514 τῷ

218 4539 536 4618 rowz‘erp-Vineentius
557 4539 702 4600 Bellovee.
725 4538 808 4616 Spes.
828 4557 900 4596 mor.
923 4535 965 4597 iii.
988 4559 1015 4612 9,
1031 4555 1048 4612 3
1065 4534 1267 4613 (=W0elffiin
1280 4533 1326 4618 (¹⁰.
