<?xml version="1.0" encoding="UTF-8"?>
<!DOCTYPE html PUBLIC "-//W3C//DTD XHTML 1.0 Transitional//EN"
    "http://www.w3.org/TR/xhtml1/DTD/xhtml1-transitional.dtd">
<html xmlns="http://www.w3.org/1999/xhtml" xml:lang="en" lang="en">
 <head>
  <title>
</title>
<meta http-equiv="Content-Type" content="text/html;charset=utf-8" />
  <meta name='ocr-system' content='tesseract 3.04.00' />
  <meta name='ocr-capabilities' content='ocr_page ocr_carea ocr_par ocr_line ocrx_word'/>
</head>
<body>
  <div class='ocr_page' id='page_1' title='image "./heraclitiephesi00heragoog_0042.png"; bbox 0 0 3252 5174; ppageno 0'>
   <div class='ocr_carea' id='block_1_1' title="bbox 638 463 874 514">
    <p class='ocr_par' dir='ltr' id='par_1_1' title="bbox 638 463 874 514">
     <span class='ocr_line' id='line_1_1' title="bbox 638 463 874 514; baseline 0.021 -6"><span class='ocrx_word' id='word_1_1' title='bbox 638 463 716 509; x_wconf 87' lang='grc' dir='ltr'>ΠΕΡΙ</span> <span class='ocrx_word' id='word_1_2' title='bbox 738 464 874 514; x_wconf 81' lang='grc' dir='ltr'><strong>ΦΥΣΕΩΣ.</strong></span> 
     </span>
    </p>
   </div>
   <div class='ocr_carea' id='block_1_2' title="bbox 702 657 810 725">
    <p class='ocr_par' dir='ltr' id='par_1_2' title="bbox 702 657 810 725">
     <span class='ocr_line' id='line_1_2' title="bbox 702 657 810 725; baseline 0.019 -3"><span class='ocrx_word' id='word_1_3' title='bbox 702 657 810 725; x_wconf 88' lang='lat' dir='ltr'><strong>LVII.</strong></span> 
     </span>
    </p>
   </div>
   <div class='ocr_carea' id='block_1_3' title="bbox 202 792 682 890">
    <p class='ocr_par' dir='ltr' id='par_1_3' title="bbox 202 792 682 890">
     <span class='ocr_line' id='line_1_3' title="bbox 202 792 682 890; baseline 0.006 -25"><span class='ocrx_word' id='word_1_4' title='bbox 202 792 347 890; x_wconf 75' lang='grc' dir='ltr'>Ἀγαθὸν</span> <span class='ocrx_word' id='word_1_5' title='bbox 365 795 418 866; x_wconf 81' lang='grc' dir='ltr'>καὶ</span> <span class='ocrx_word' id='word_1_6' title='bbox 436 794 532 867; x_wconf 87' lang='grc' dir='ltr'>κακδν</span> <span class='ocrx_word' id='word_1_7' title='bbox 549 797 682 869; x_wconf 78' lang='grc' dir='ltr'>ταύτόν.</span> 
     </span>
    </p>
   </div>
   <div class='ocr_carea' id='block_1_4' title="bbox 692 977 822 1042">
    <p class='ocr_par' dir='ltr' id='par_1_4' title="bbox 692 977 822 1042">
     <span class='ocr_line' id='line_1_4' title="bbox 692 977 822 1042; baseline -0.023 0"><span class='ocrx_word' id='word_1_8' title='bbox 692 977 822 1042; x_wconf 83' lang='lat' dir='ltr'>LVIII.</span> 
     </span>
    </p>
   </div>
   <div class='ocr_carea' id='block_1_5' title="bbox 205 1101 1308 1598">
    <p class='ocr_par' dir='ltr' id='par_1_5' title="bbox 205 1101 1308 1598">
     <span class='ocr_line' id='line_1_5' title="bbox 250 1101 1306 1192; baseline 0.005 -26"><span class='ocrx_word' id='word_1_9' title='bbox 250 1101 449 1188; x_wconf 74' lang='lat' dir='ltr'><strong>Hippolytus</strong></span> <span class='ocrx_word' id='word_1_10' title='bbox 468 1102 538 1168; x_wconf 86' lang='lat' dir='ltr'><strong>Ref.</strong></span> <span class='ocrx_word' id='word_1_11' title='bbox 562 1105 647 1171; x_wconf 90' lang='lat' dir='ltr'><strong>haer.</strong></span> <span class='ocrx_word' id='word_1_12' title='bbox 671 1105 715 1169; x_wconf 86' lang='lat' dir='ltr'>ix.</span> <span class='ocrx_word' id='word_1_13' title='bbox 741 1125 800 1170; x_wconf 90' lang='lat'>10:</span> <span class='ocrx_word' id='word_1_14' title='bbox 832 1104 879 1168; x_wconf 80' lang='grc' dir='ltr'>καὶ</span> <span class='ocrx_word' id='word_1_15' title='bbox 902 1103 1016 1186; x_wconf 82' lang='grc' dir='ltr'>ἀγαθὸν</span> <span class='ocrx_word' id='word_1_16' title='bbox 1040 1104 1087 1168; x_wconf 75' lang='grc' dir='ltr'>καί</span> <span class='ocrx_word' id='word_1_17' title='bbox 1112 1107 1203 1170; x_wconf 84' lang='grc' dir='ltr'>κακόν</span> <span class='ocrx_word' id='word_1_18' title='bbox 1224 1103 1306 1192; x_wconf 86' lang='lat' dir='ltr'><strong>(scil.</strong></span> 
     </span>
     <span class='ocr_line' id='line_1_6' title="bbox 205 1206 1308 1293; baseline 0.004 -23"><span class='ocrx_word' id='word_1_19' title='bbox 205 1207 239 1270; x_wconf 79' lang='grc' dir='ltr'>έν</span> <span class='ocrx_word' id='word_1_20' title='bbox 254 1206 340 1293; x_wconf 82' lang='grc' dir='ltr'>ἐστι)·</span> <span class='ocrx_word' id='word_1_21' title='bbox 365 1210 394 1272; x_wconf 81' lang='grc' dir='ltr'>οἱ</span> <span class='ocrx_word' id='word_1_22' title='bbox 414 1214 486 1291; x_wconf 80' lang='grc' dir='ltr'>γοῦν</span> <span class='ocrx_word' id='word_1_23' title='bbox 506 1212 609 1291; x_wconf 89' lang='grc' dir='ltr'>ίατροί,</span> <span class='ocrx_word' id='word_1_24' title='bbox 627 1211 721 1293; x_wconf 78' lang='grc' dir='ltr'>φησὶν</span> <span class='ocrx_word' id='word_1_25' title='bbox 740 1212 756 1274; x_wconf 86' lang='grc' dir='ltr'>ὁ</span> <span class='ocrx_word' id='word_1_26' title='bbox 776 1208 980 1291; x_wconf 85' lang='grc' dir='ltr'>Ἡράκλειτος,</span> <span class='ocrx_word' id='word_1_27' title='bbox 998 1207 1155 1288; x_wconf 77' lang='grc' dir='ltr'>τέμνοντες</span> <span class='ocrx_word' id='word_1_28' title='bbox 1174 1209 1308 1274; x_wconf 75' lang='grc' dir='ltr'>καίοντες</span> 
     </span>
     <span class='ocr_line' id='line_1_7' title="bbox 205 1308 1307 1394; baseline 0 -22"><span class='ocrx_word' id='word_1_29' title='bbox 205 1308 300 1388; x_wconf 84' lang='grc' dir='ltr'>πάντη</span> <span class='ocrx_word' id='word_1_30' title='bbox 322 1311 532 1389; x_wconf 79' lang='grc' dir='ltr'>βασανίζοντες</span> <span class='ocrx_word' id='word_1_31' title='bbox 554 1319 648 1379; x_wconf 88' lang='grc' dir='ltr'>κακῶς</span> <span class='ocrx_word' id='word_1_32' title='bbox 670 1313 737 1380; x_wconf 77' lang='grc' dir='ltr'>τοὺς</span> <span class='ocrx_word' id='word_1_33' title='bbox 755 1314 977 1394; x_wconf 82' lang='grc' dir='ltr'>ἀρρωστοῦντας</span> <span class='ocrx_word' id='word_1_34' title='bbox 1001 1313 1186 1374; x_wconf 75' lang='grc' dir='ltr'>ἐπαιτιῶνται</span> <span class='ocrx_word' id='word_1_35' title='bbox 1207 1309 1307 1390; x_wconf 87' lang='grc' dir='ltr'>μηδέν’</span> 
     </span>
     <span class='ocr_line' id='line_1_8' title="bbox 206 1411 1308 1499; baseline 0.004 -23"><span class='ocrx_word' id='word_1_36' title='bbox 206 1411 289 1492; x_wconf 83' lang='grc' dir='ltr'>ἀξιον</span> <span class='ocrx_word' id='word_1_37' title='bbox 314 1413 422 1494; x_wconf 85' lang='grc' dir='ltr'>μισθὸν</span> <span class='ocrx_word' id='word_1_38' title='bbox 451 1417 621 1496; x_wconf 84' lang='grc' dir='ltr'>λαμβάνειν</span> <span class='ocrx_word' id='word_1_39' title='bbox 645 1421 725 1498; x_wconf 79' lang='grc' dir='ltr'>παρὰ</span> <span class='ocrx_word' id='word_1_40' title='bbox 752 1425 811 1482; x_wconf 91' lang='grc' dir='ltr'>τῶν</span> <span class='ocrx_word' id='word_1_41' title='bbox 838 1418 1077 1499; x_wconf 78' lang='grc' dir='ltr'>ἀρρωστούντων,</span> <span class='ocrx_word' id='word_1_42' title='bbox 1105 1421 1198 1480; x_wconf 79' lang='grc' dir='ltr'>ταῦτα</span> <span class='ocrx_word' id='word_1_43' title='bbox 1221 1418 1308 1498; x_wconf 79' lang='grc' dir='ltr'>ἐργα-</span> 
     </span>
     <span class='ocr_line' id='line_1_9' title="bbox 208 1515 815 1598; baseline 0.01 -20"><span class='ocrx_word' id='word_1_44' title='bbox 208 1515 323 1595; x_wconf 81' lang='grc' dir='ltr'>ζόμενοι</span> <span class='ocrx_word' id='word_1_45' title='bbox 337 1519 375 1580; x_wconf 80' lang='grc' dir='ltr'>τὰ</span> <span class='ocrx_word' id='word_1_46' title='bbox 390 1518 487 1598; x_wconf 83' lang='grc' dir='ltr'>ἀγαθὰ</span> <span class='ocrx_word' id='word_1_47' title='bbox 504 1521 551 1583; x_wconf 85' lang='grc' dir='ltr'>καὶ</span> <span class='ocrx_word' id='word_1_48' title='bbox 567 1523 650 1596; x_wconf 69' lang='grc' dir='ltr'>Ῡτάς</span> <span class='ocrx_word' id='word_1_49' title='bbox 666 1523 773 1586; x_wconf 92' lang='grc' dir='ltr'>νόσους</span> <span class='ocrx_word' id='word_1_50' title='bbox 784 1526 815 1596; x_wconf 79' lang='lat'>†.</span> 
     </span>
    </p>
   </div>
   <div class='ocr_carea' id='block_1_6' title="bbox 207 1755 1393 3877">
    <p class='ocr_par' dir='ltr' id='par_1_6' title="bbox 207 1755 1310 2032">
     <span class='ocr_line' id='line_1_10' title="bbox 207 1755 1310 1844; baseline 0.002 -31"><span class='ocrx_word' id='word_1_51' title='bbox 207 1760 237 1814; x_wconf 86' lang='lat' dir='ltr'><strong>et</strong></span> <span class='ocrx_word' id='word_1_52' title='bbox 257 1759 402 1829; x_wconf 76' lang='lat' dir='ltr'><strong>aestatem,</strong></span> <span class='ocrx_word' id='word_1_53' title='bbox 422 1756 525 1817; x_wconf 87' lang='lat' dir='ltr'><strong>itidem</strong></span> <span class='ocrx_word' id='word_1_54' title='bbox 546 1758 578 1817; x_wconf 89' lang='lat' dir='ltr'>in</span> <span class='ocrx_word' id='word_1_55' title='bbox 598 1779 650 1818; x_wconf 86' lang='lat' dir='ltr'><strong>ver</strong></span> <span class='ocrx_word' id='word_1_56' title='bbox 666 1764 696 1844; x_wconf 69' lang='lat' dir='ltr'><strong>et</strong></span> <span class='ocrx_word' id='word_1_57' title='bbox 716 1764 899 1820; x_wconf 76' lang='lat' dir='ltr'><strong>autumnum.</strong></span> <span class='ocrx_word' id='word_1_58' title='bbox 941 1757 1010 1817; x_wconf 87' lang='lat' dir='ltr'><strong>hino</strong></span> <span class='ocrx_word' id='word_1_59' title='bbox 1031 1755 1200 1817; x_wconf 74' lang='lat' dir='ltr'><strong>Heraclitus</strong></span> <span class='ocrx_word' id='word_1_60' title='bbox 1220 1756 1310 1816; x_wconf 88' lang='lat' dir='ltr'><strong>libros</strong></span> 
     </span>
     <span class='ocr_line' id='line_1_11' title="bbox 207 1854 1308 1935; baseline 0 -23"><span class='ocrx_word' id='word_1_61' title='bbox 207 1854 376 1932; x_wconf 83' lang='lat' dir='ltr'><strong>conseripsit</strong></span> <span class='ocrx_word' id='word_1_62' title='bbox 400 1857 437 1915; x_wconf 92' lang='lat' dir='ltr'><strong>de</strong></span> <span class='ocrx_word' id='word_1_63' title='bbox 461 1862 576 1929; x_wconf 87' lang='lat' dir='ltr'><strong>natura,</strong></span> <span class='ocrx_word' id='word_1_64' title='bbox 600 1878 617 1916; x_wconf 89' lang='lat' dir='ltr'><strong>a</strong></span> <span class='ocrx_word' id='word_1_65' title='bbox 641 1857 775 1935; x_wconf 82' lang='lat' dir='ltr'><strong>theologo</strong></span> <span class='ocrx_word' id='word_1_66' title='bbox 800 1863 899 1917; x_wconf 89' lang='lat' dir='ltr'><strong>nostro</strong></span> <span class='ocrx_word' id='word_1_67' title='bbox 919 1863 1070 1916; x_wconf 83' lang='lat' dir='ltr'><strong>mutuatus</strong></span> <span class='ocrx_word' id='word_1_68' title='bbox 1095 1854 1308 1916; x_wconf 71' lang='lat' dir='ltr'><strong>sententiando</strong></span> 
     </span>
     <span class='ocr_line' id='line_1_12' title="bbox 208 1945 1124 2032; baseline 0.002 -22"><span class='ocrx_word' id='word_1_69' title='bbox 208 1953 367 2027; x_wconf 82' lang='lat' dir='ltr'><strong>contrariis,</strong></span> <span class='ocrx_word' id='word_1_70' title='bbox 382 1955 490 2014; x_wconf 87' lang='lat' dir='ltr'><strong>additis</strong></span> <span class='ocrx_word' id='word_1_71' title='bbox 503 1945 653 2014; x_wconf 84' lang='lat' dir='ltr'><strong>immensis</strong></span> <span class='ocrx_word' id='word_1_72' title='bbox 665 1955 759 2032; x_wconf 90' lang='lat' dir='ltr'><strong>iisque</strong></span> <span class='ocrx_word' id='word_1_73' title='bbox 773 1955 923 2014; x_wconf 84' lang='lat' dir='ltr'><strong>laboriosis</strong></span> <span class='ocrx_word' id='word_1_74' title='bbox 936 1953 1124 2031; x_wconf 79' lang='lat' dir='ltr'><strong>argumentis.</strong></span> 
     </span>
    </p>

    <p class='ocr_par' dir='ltr' id='par_1_7' title="bbox 208 2051 1393 3599">
     <span class='ocr_line' id='line_1_13' title="bbox 249 2051 1311 2131; baseline 0.002 -23"><span class='ocrx_word' id='word_1_75' title='bbox 249 2068 326 2111; x_wconf 82' lang='lat' dir='ltr'>LVII.</span> <span class='ocrx_word' id='word_1_76' title='bbox 347 2051 524 2113; x_wconf 76' lang='lat' dir='ltr'><strong>Aristoteles</strong></span> <span class='ocrx_word' id='word_1_77' title='bbox 546 2054 618 2131; x_wconf 79' lang='lat' dir='ltr'><strong>Top.</strong></span> <span class='ocrx_word' id='word_1_78' title='bbox 637 2052 697 2114; x_wconf 82' lang='lat' dir='ltr'><strong>viil.</strong></span> <span class='ocrx_word' id='word_1_79' title='bbox 719 2068 746 2128; x_wconf 86' lang='lat'>5,</span> <span class='ocrx_word' id='word_1_80' title='bbox 765 2073 794 2130; x_wconf 90' lang='lat' dir='ltr'>p.</span> <span class='ocrx_word' id='word_1_81' title='bbox 817 2053 901 2130; x_wconf 80' lang='lat' dir='ltr'>159b</span> <span class='ocrx_word' id='word_1_82' title='bbox 917 2072 970 2128; x_wconf 77' lang='lat'>30:</span> <span class='ocrx_word' id='word_1_83' title='bbox 999 2055 1039 2109; x_wconf 82' lang='grc' dir='ltr'>διὸ</span> <span class='ocrx_word' id='word_1_84' title='bbox 1060 2055 1100 2108; x_wconf 76' lang='grc' dir='ltr'>καὶ</span> <span class='ocrx_word' id='word_1_85' title='bbox 1122 2056 1146 2108; x_wconf 85' lang='grc' dir='ltr'>οί</span> <span class='ocrx_word' id='word_1_86' title='bbox 1167 2054 1311 2122; x_wconf 76' lang='grc' dir='ltr'>κομίζοντες</span> 
     </span>
     <span class='ocr_line' id='line_1_14' title="bbox 208 2150 1312 2227; baseline 0.001 -22"><span class='ocrx_word' id='word_1_87' title='bbox 208 2150 347 2224; x_wconf 78' lang='grc' dir='ltr'>ἀλλοτρίας</span> <span class='ocrx_word' id='word_1_88' title='bbox 368 2155 451 2224; x_wconf 80' lang='grc' dir='ltr'>δόξας,</span> <span class='ocrx_word' id='word_1_89' title='bbox 469 2151 523 2210; x_wconf 80' lang='grc' dir='ltr'>οἶον</span> <span class='ocrx_word' id='word_1_90' title='bbox 542 2154 637 2227; x_wconf 82' lang='grc' dir='ltr'>ἀγαθὸν</span> <span class='ocrx_word' id='word_1_91' title='bbox 658 2155 699 2208; x_wconf 81' lang='grc' dir='ltr'>καὶ</span> <span class='ocrx_word' id='word_1_92' title='bbox 721 2155 796 2209; x_wconf 86' lang='grc' dir='ltr'>κακόν</span> <span class='ocrx_word' id='word_1_93' title='bbox 815 2150 878 2209; x_wconf 80' lang='grc' dir='ltr'>εἶναι</span> <span class='ocrx_word' id='word_1_94' title='bbox 898 2152 998 2218; x_wconf 79' lang='grc' dir='ltr'>ταύτόν,</span> <span class='ocrx_word' id='word_1_95' title='bbox 1019 2152 1132 2222; x_wconf 85' lang='grc' dir='ltr'>καθάπερ</span> <span class='ocrx_word' id='word_1_96' title='bbox 1144 2150 1312 2222; x_wconf 82' lang='grc' dir='ltr'>Ἡράκλειτός</span> 
     </span>
     <span class='ocr_line' id='line_1_15' title="bbox 209 2248 1312 2328; baseline 0 -24"><span class='ocrx_word' id='word_1_97' title='bbox 209 2250 299 2321; x_wconf 82' lang='grc' dir='ltr'>φησιν,</span> <span class='ocrx_word' id='word_1_98' title='bbox 314 2253 345 2305; x_wconf 83' lang='grc' dir='ltr'>οὐ</span> <span class='ocrx_word' id='word_1_99' title='bbox 359 2253 461 2308; x_wconf 89' lang='grc' dir='ltr'>διδόασι</span> <span class='ocrx_word' id='word_1_100' title='bbox 473 2254 507 2324; x_wconf 76' lang='grc' dir='ltr'>μὴ</span> <span class='ocrx_word' id='word_1_101' title='bbox 521 2257 637 2323; x_wconf 84' lang='grc' dir='ltr'>παρεῖναι</span> <span class='ocrx_word' id='word_1_102' title='bbox 651 2253 703 2322; x_wconf 76' lang='grc' dir='ltr'>ἅμα</span> <span class='ocrx_word' id='word_1_103' title='bbox 715 2257 751 2328; x_wconf 75' lang='grc' dir='ltr'>τῷ</span> <span class='ocrx_word' id='word_1_104' title='bbox 760 2254 828 2328; x_wconf 78' lang='grc' dir='ltr'>αὐτῷ</span> <span class='ocrx_word' id='word_1_105' title='bbox 839 2249 964 2322; x_wconf 89' lang='grc' dir='ltr'>τάναντία,</span> <span class='ocrx_word' id='word_1_106' title='bbox 978 2253 1027 2322; x_wconf 78' lang='grc' dir='ltr'>οὐχ</span> <span class='ocrx_word' id='word_1_107' title='bbox 1038 2251 1072 2307; x_wconf 84' lang='grc' dir='ltr'>ῶς</span> <span class='ocrx_word' id='word_1_108' title='bbox 1082 2251 1113 2304; x_wconf 80' lang='grc' dir='ltr'>οὗ</span> <span class='ocrx_word' id='word_1_109' title='bbox 1124 2250 1215 2304; x_wconf 80' lang='grc' dir='ltr'>δοκοῦν</span> <span class='ocrx_word' id='word_1_110' title='bbox 1225 2248 1312 2304; x_wconf 78' lang='grc' dir='ltr'>αὐτοῖς</span> 
     </span>
     <span class='ocr_line' id='line_1_16' title="bbox 208 2345 1310 2423; baseline 0.001 -22"><span class='ocrx_word' id='word_1_111' title='bbox 208 2351 283 2402; x_wconf 81' lang='grc' dir='ltr'>τοῦτο</span> <span class='ocrx_word' id='word_1_112' title='bbox 307 2348 366 2403; x_wconf 79' lang='grc' dir='ltr'>ἀλλ’</span> <span class='ocrx_word' id='word_1_113' title='bbox 392 2349 432 2406; x_wconf 82' lang='grc' dir='ltr'>ὅτι</span> <span class='ocrx_word' id='word_1_114' title='bbox 456 2350 510 2406; x_wconf 80' lang='grc' dir='ltr'>καθ</span> <span class='ocrx_word' id='word_1_115' title='bbox 537 2350 706 2423; x_wconf 84' lang='grc' dir='ltr'>Ἡράκλειτον</span> <span class='ocrx_word' id='word_1_116' title='bbox 733 2349 800 2406; x_wconf 80' lang='grc' dir='ltr'>οὕτω</span> <span class='ocrx_word' id='word_1_117' title='bbox 827 2345 1057 2405; x_wconf 63' lang='lat' dir='ltr'><strong>heatior—Idem</strong></span> <span class='ocrx_word' id='word_1_118' title='bbox 1082 2346 1166 2422; x_wconf 78' lang='lat' dir='ltr'><strong>Phys.</strong></span> <span class='ocrx_word' id='word_1_119' title='bbox 1189 2345 1208 2402; x_wconf 84' lang='lat' dir='ltr'>l.</span> <span class='ocrx_word' id='word_1_120' title='bbox 1233 2364 1259 2416; x_wconf 84' lang='lat'>2,</span> <span class='ocrx_word' id='word_1_121' title='bbox 1281 2363 1310 2419; x_wconf 89' lang='lat' dir='ltr'>p.</span> 
     </span>
     <span class='ocr_line' id='line_1_17' title="bbox 213 2444 1310 2525; baseline -0.005 -23"><span class='ocrx_word' id='word_1_122' title='bbox 213 2444 295 2519; x_wconf 77' lang='lat' dir='ltr'>185b</span> <span class='ocrx_word' id='word_1_123' title='bbox 311 2465 365 2504; x_wconf 84' lang='lat'>20:</span> <span class='ocrx_word' id='word_1_124' title='bbox 387 2449 456 2503; x_wconf 87' lang='grc' dir='ltr'>ἀλλὰ</span> <span class='ocrx_word' id='word_1_125' title='bbox 469 2450 519 2519; x_wconf 79' lang='grc' dir='ltr'>μὴν</span> <span class='ocrx_word' id='word_1_126' title='bbox 533 2451 555 2504; x_wconf 87' lang='grc' dir='ltr'>εί</span> <span class='ocrx_word' id='word_1_127' title='bbox 569 2453 689 2525; x_wconf 79' lang='grc' dir='ltr'>τῷλόγῳ</span> <span class='ocrx_word' id='word_1_128' title='bbox 703 2445 776 2505; x_wconf 67' lang='lat' dir='ltr'>tort</span> <span class='ocrx_word' id='word_1_129' title='bbox 791 2450 852 2505; x_wconf 79' lang='grc' dir='ltr'>ὄντα</span> <span class='ocrx_word' id='word_1_130' title='bbox 867 2450 951 2505; x_wconf 85' lang='grc' dir='ltr'>πάντα</span> <span class='ocrx_word' id='word_1_131' title='bbox 969 2448 1003 2505; x_wconf 84' lang='grc' dir='ltr'>ὡς</span> <span class='ocrx_word' id='word_1_132' title='bbox 1021 2450 1120 2503; x_wconf 78' lang='grc' dir='ltr'>λώπιον</span> <span class='ocrx_word' id='word_1_133' title='bbox 1140 2446 1181 2500; x_wconf 76' lang='grc' dir='ltr'>καί</span> <span class='ocrx_word' id='word_1_134' title='bbox 1202 2444 1310 2515; x_wconf 80' lang='grc' dir='ltr'>ἱμάτιον,</span> 
     </span>
     <span class='ocr_line' id='line_1_18' title="bbox 208 2543 1314 2622; baseline -0.003 -24"><span class='ocrx_word' id='word_1_135' title='bbox 208 2546 253 2600; x_wconf 86' lang='grc' dir='ltr'>τόν</span> <span class='ocrx_word' id='word_1_136' title='bbox 264 2543 434 2619; x_wconf 80' lang='grc' dir='ltr'>Ἡρακλείτου</span> <span class='ocrx_word' id='word_1_137' title='bbox 446 2550 525 2621; x_wconf 79' lang='grc' dir='ltr'>λόγον</span> <span class='ocrx_word' id='word_1_138' title='bbox 539 2549 674 2618; x_wconf 77' lang='grc' dir='ltr'>συμβαίνει</span> <span class='ocrx_word' id='word_1_139' title='bbox 687 2547 773 2622; x_wconf 79' lang='grc' dir='ltr'>λέγειν</span> <span class='ocrx_word' id='word_1_140' title='bbox 786 2549 879 2604; x_wconf 76' lang='grc' dir='ltr'>αὐτοῖς·</span> <span class='ocrx_word' id='word_1_141' title='bbox 900 2547 993 2601; x_wconf 84' lang='grc' dir='ltr'>τοάτδν</span> <span class='ocrx_word' id='word_1_142' title='bbox 1005 2547 1056 2618; x_wconf 83' lang='grc' dir='ltr'>γάρ</span> <span class='ocrx_word' id='word_1_143' title='bbox 1070 2547 1145 2600; x_wconf 78' lang='grc' dir='ltr'>ἔσται</span> <span class='ocrx_word' id='word_1_144' title='bbox 1164 2543 1252 2618; x_wconf 78' lang='grc' dir='ltr'>ἀγαθῷ</span> <span class='ocrx_word' id='word_1_145' title='bbox 1272 2543 1314 2596; x_wconf 75' lang='grc' dir='ltr'>καί</span> 
     </span>
     <span class='ocr_line' id='line_1_19' title="bbox 209 2639 1312 2722; baseline -0.002 -26"><span class='ocrx_word' id='word_1_146' title='bbox 209 2647 276 2718; x_wconf 80' lang='grc' dir='ltr'>κακῷ</span> <span class='ocrx_word' id='word_1_147' title='bbox 298 2639 421 2700; x_wconf 78' lang='grc' dir='ltr'>εἶναικαὶ</span> <span class='ocrx_word' id='word_1_148' title='bbox 440 2646 474 2717; x_wconf 78' lang='grc' dir='ltr'>μὴ</span> <span class='ocrx_word' id='word_1_149' title='bbox 496 2646 583 2722; x_wconf 78' lang='grc' dir='ltr'>ἀγαθῷ</span> <span class='ocrx_word' id='word_1_150' title='bbox 604 2648 645 2701; x_wconf 79' lang='grc' dir='ltr'>καὶ</span> <span class='ocrx_word' id='word_1_151' title='bbox 665 2647 762 2720; x_wconf 73' lang='grc' dir='ltr'>ἀγαθῷ,</span> <span class='ocrx_word' id='word_1_152' title='bbox 783 2647 852 2700; x_wconf 87' lang='grc' dir='ltr'>ῶστε</span> <span class='ocrx_word' id='word_1_153' title='bbox 876 2645 970 2700; x_wconf 85' lang='grc' dir='ltr'>ταάτόν</span> <span class='ocrx_word' id='word_1_154' title='bbox 991 2645 1064 2699; x_wconf 74' lang='grc' dir='ltr'>ἔσται</span> <span class='ocrx_word' id='word_1_155' title='bbox 1088 2641 1245 2716; x_wconf 78' lang='grc' dir='ltr'>ἀγαθὸνκαὶ</span> <span class='ocrx_word' id='word_1_156' title='bbox 1266 2641 1312 2695; x_wconf 79' lang='grc' dir='ltr'>οὐκ</span> 
     </span>
     <span class='ocr_line' id='line_1_20' title="bbox 210 2737 1313 2816; baseline 0.003 -22"><span class='ocrx_word' id='word_1_157' title='bbox 210 2739 313 2814; x_wconf 83' lang='grc' dir='ltr'>ἀγαθόν,</span> <span class='ocrx_word' id='word_1_158' title='bbox 327 2744 368 2799; x_wconf 77' lang='grc' dir='ltr'>καὶ</span> <span class='ocrx_word' id='word_1_159' title='bbox 381 2744 512 2816; x_wconf 76' lang='grc' dir='ltr'>ἅνθρωπος</span> <span class='ocrx_word' id='word_1_160' title='bbox 530 2747 571 2798; x_wconf 85' lang='grc' dir='ltr'>καὶ</span> <span class='ocrx_word' id='word_1_161' title='bbox 591 2741 677 2808; x_wconf 81' lang='grc' dir='ltr'>ἵππος,</span> <span class='ocrx_word' id='word_1_162' title='bbox 693 2745 734 2799; x_wconf 84' lang='grc' dir='ltr'>καὶ</span> <span class='ocrx_word' id='word_1_163' title='bbox 753 2745 783 2798; x_wconf 81' lang='grc' dir='ltr'>οὔ</span> <span class='ocrx_word' id='word_1_164' title='bbox 800 2744 860 2815; x_wconf 76' lang='grc' dir='ltr'>περὶ</span> <span class='ocrx_word' id='word_1_165' title='bbox 879 2747 925 2797; x_wconf 84' lang='grc' dir='ltr'>τοῦ</span> <span class='ocrx_word' id='word_1_166' title='bbox 945 2738 974 2797; x_wconf 76' lang='grc' dir='ltr'>έν</span> <span class='ocrx_word' id='word_1_167' title='bbox 993 2737 1056 2796; x_wconf 84' lang='grc' dir='ltr'>εἶναι</span> <span class='ocrx_word' id='word_1_168' title='bbox 1076 2742 1109 2796; x_wconf 85' lang='grc' dir='ltr'>τά</span> <span class='ocrx_word' id='word_1_169' title='bbox 1131 2741 1191 2796; x_wconf 85' lang='grc' dir='ltr'>ὄντα</span> <span class='ocrx_word' id='word_1_170' title='bbox 1204 2742 1219 2794; x_wconf 84' lang='grc' dir='ltr'><strong><em>ὁ</em></strong></span> <span class='ocrx_word' id='word_1_171' title='bbox 1232 2741 1313 2812; x_wconf 86' lang='grc' dir='ltr'>λόγος</span> 
     </span>
     <span class='ocr_line' id='line_1_21' title="bbox 209 2832 1312 2916; baseline 0.001 -22"><span class='ocrx_word' id='word_1_172' title='bbox 209 2841 283 2895; x_wconf 80' lang='grc' dir='ltr'>ἕσται</span> <span class='ocrx_word' id='word_1_173' title='bbox 303 2842 388 2898; x_wconf 84' lang='grc' dir='ltr'>αιίτοῐς</span> <span class='ocrx_word' id='word_1_174' title='bbox 407 2843 476 2896; x_wconf 88' lang='grc' dir='ltr'>ἀλλά</span> <span class='ocrx_word' id='word_1_175' title='bbox 496 2844 556 2914; x_wconf 83' lang='grc' dir='ltr'>περὶ</span> <span class='ocrx_word' id='word_1_176' title='bbox 574 2847 621 2897; x_wconf 85' lang='grc' dir='ltr'>τοῦ</span> <span class='ocrx_word' id='word_1_177' title='bbox 641 2838 940 2916; x_wconf 62' lang='lat' dir='ltr'><strong>paphia—Hippolytus</strong></span> <span class='ocrx_word' id='word_1_178' title='bbox 961 2838 1025 2896; x_wconf 82' lang='lat' dir='ltr'><strong>Res.</strong></span> <span class='ocrx_word' id='word_1_179' title='bbox 1048 2837 1125 2896; x_wconf 86' lang='lat' dir='ltr'><strong>haer.</strong></span> <span class='ocrx_word' id='word_1_180' title='bbox 1147 2837 1187 2896; x_wconf 79' lang='lat' dir='ltr'>ix.</span> <span class='ocrx_word' id='word_1_181' title='bbox 1212 2854 1249 2895; x_wconf 93' lang='lat'>10</span> <span class='ocrx_word' id='word_1_182' title='bbox 1271 2832 1312 2913; x_wconf 79' lang='lat' dir='ltr'>(v.</span> 
     </span>
     <span class='ocr_line' id='line_1_22' title="bbox 210 2933 1312 3016; baseline -0.002 -25"><span class='ocrx_word' id='word_1_183' title='bbox 210 2933 245 2994; x_wconf 87' lang='lat' dir='ltr'>fr.</span> <span class='ocrx_word' id='word_1_184' title='bbox 277 2935 605 3016; x_wconf 66' lang='lat' dir='ltr'><strong>LVIIll-—Simplieius</strong></span> <span class='ocrx_word' id='word_1_185' title='bbox 640 2937 671 2996; x_wconf 92' lang='lat' dir='ltr'>in</span> <span class='ocrx_word' id='word_1_186' title='bbox 701 2935 788 3014; x_wconf 89' lang='lat' dir='ltr'><strong>Phys.</strong></span> <span class='ocrx_word' id='word_1_187' title='bbox 821 2937 870 2997; x_wconf 88' lang='lat' dir='ltr'><strong>fol.</strong></span> <span class='ocrx_word' id='word_1_188' title='bbox 898 2953 930 2994; x_wconf 88' lang='lat'>11</span> <span class='ocrx_word' id='word_1_189' title='bbox 960 2954 997 2995; x_wconf 84' lang='lat' dir='ltr'>a:</span> <span class='ocrx_word' id='word_1_190' title='bbox 1032 2937 1174 3010; x_wconf 77' lang='grc' dir='ltr'>ἀντιλέγειν</span> <span class='ocrx_word' id='word_1_191' title='bbox 1205 2936 1235 2990; x_wconf 82' lang='grc' dir='ltr'>οὐ</span> <span class='ocrx_word' id='word_1_192' title='bbox 1261 2934 1312 3006; x_wconf 78' lang='grc' dir='ltr'>χρὴ</span> 
     </span>
     <span class='ocr_line' id='line_1_23' title="bbox 211 3035 1313 3109; baseline -0.005 -18"><span class='ocrx_word' id='word_1_193' title='bbox 211 3037 367 3107; x_wconf 89' lang='grc' dir='ltr'>....πρδς</span> <span class='ocrx_word' id='word_1_194' title='bbox 390 3036 450 3094; x_wconf 79' lang='grc' dir='ltr'>τοὺς</span> <span class='ocrx_word' id='word_1_195' title='bbox 471 3037 606 3108; x_wconf 81' lang='grc' dir='ltr'>παράδοξα</span> <span class='ocrx_word' id='word_1_196' title='bbox 630 3038 670 3091; x_wconf 87' lang='grc' dir='ltr'>καὶ</span> <span class='ocrx_word' id='word_1_197' title='bbox 694 3035 886 3108; x_wconf 84' lang='grc' dir='ltr'>ἀπεμφαίνοντα</span> <span class='ocrx_word' id='word_1_198' title='bbox 906 3035 1036 3109; x_wconf 81' lang='grc' dir='ltr'>λέγοντας·</span> <span class='ocrx_word' id='word_1_199' title='bbox 1069 3038 1184 3089; x_wconf 84' lang='grc' dir='ltr'>τοιαῦται</span> <span class='ocrx_word' id='word_1_200' title='bbox 1208 3035 1259 3106; x_wconf 84' lang='grc' dir='ltr'>γάρ</span> <span class='ocrx_word' id='word_1_201' title='bbox 1287 3035 1313 3086; x_wconf 77' lang='grc' dir='ltr'>αἱ</span> 
     </span>
     <span class='ocr_line' id='line_1_24' title="bbox 210 3131 1312 3208; baseline -0.004 -20"><span class='ocrx_word' id='word_1_202' title='bbox 210 3131 303 3190; x_wconf 88' lang='grc' dir='ltr'>θέσεις·</span> <span class='ocrx_word' id='word_1_203' title='bbox 332 3135 367 3190; x_wconf 85' lang='grc' dir='ltr'>ὧς</span> <span class='ocrx_word' id='word_1_204' title='bbox 380 3133 544 3207; x_wconf 85' lang='grc' dir='ltr'>Ἡράκλειτος</span> <span class='ocrx_word' id='word_1_205' title='bbox 559 3136 589 3189; x_wconf 86' lang='grc' dir='ltr'>τό</span> <span class='ocrx_word' id='word_1_206' title='bbox 606 3135 701 3208; x_wconf 86' lang='grc' dir='ltr'>ἀγαθὸν</span> <span class='ocrx_word' id='word_1_207' title='bbox 720 3136 808 3190; x_wconf 80' lang='grc' dir='ltr'>καὶτὸ</span> <span class='ocrx_word' id='word_1_208' title='bbox 826 3135 901 3189; x_wconf 86' lang='grc' dir='ltr'>κακόν</span> <span class='ocrx_word' id='word_1_209' title='bbox 921 3135 957 3190; x_wconf 82' lang='grc' dir='ltr'>εἶς</span> <span class='ocrx_word' id='word_1_210' title='bbox 977 3135 1068 3188; x_wconf 79' lang='grc' dir='ltr'>ταύτὸν</span> <span class='ocrx_word' id='word_1_211' title='bbox 1088 3133 1171 3204; x_wconf 82' lang='grc' dir='ltr'>λέγων</span> <span class='ocrx_word' id='word_1_212' title='bbox 1192 3132 1312 3198; x_wconf 78' lang='grc' dir='ltr'>συνιέναι,</span> 
     </span>
     <span class='ocr_line' id='line_1_25' title="bbox 210 3228 1313 3304; baseline -0.003 -19"><span class='ocrx_word' id='word_1_213' title='bbox 210 3231 280 3301; x_wconf 81' lang='grc' dir='ltr'>δίκην</span> <span class='ocrx_word' id='word_1_214' title='bbox 293 3232 370 3300; x_wconf 79' lang='grc' dir='ltr'>τόξου</span> <span class='ocrx_word' id='word_1_215' title='bbox 385 3234 425 3286; x_wconf 82' lang='grc' dir='ltr'>καὶ</span> <span class='ocrx_word' id='word_1_216' title='bbox 437 3232 527 3304; x_wconf 80' lang='grc' dir='ltr'>λύρας·</span> <span class='ocrx_word' id='word_1_217' title='bbox 548 3230 577 3288; x_wconf 85' lang='grc' dir='ltr'>δς</span> <span class='ocrx_word' id='word_1_218' title='bbox 593 3235 634 3287; x_wconf 82' lang='grc' dir='ltr'>καὶ</span> <span class='ocrx_word' id='word_1_219' title='bbox 652 3234 733 3288; x_wconf 82' lang='grc' dir='ltr'>ε’ἀόκει</span> <span class='ocrx_word' id='word_1_220' title='bbox 752 3232 825 3288; x_wconf 89' lang='grc' dir='ltr'>θέσιν</span> <span class='ocrx_word' id='word_1_221' title='bbox 842 3231 938 3304; x_wconf 80' lang='grc' dir='ltr'>λέγειν,</span> <span class='ocrx_word' id='word_1_222' title='bbox 953 3231 995 3286; x_wconf 83' lang='grc' dir='ltr'>διὰ</span> <span class='ocrx_word' id='word_1_223' title='bbox 1012 3233 1043 3286; x_wconf 80' lang='grc' dir='ltr'>τό</span> <span class='ocrx_word' id='word_1_224' title='bbox 1062 3228 1142 3286; x_wconf 81' lang='grc' dir='ltr'>οὕτως</span> <span class='ocrx_word' id='word_1_225' title='bbox 1160 3229 1313 3302; x_wconf 82' lang='grc' dir='ltr'>ἀδιορίστως</span> 
     </span>
     <span class='ocr_line' id='line_1_26' title="bbox 209 3327 1312 3403; baseline -0.005 -19"><span class='ocrx_word' id='word_1_226' title='bbox 209 3329 297 3400; x_wconf 85' lang='grc' dir='ltr'>φάναι·</span> <span class='ocrx_word' id='word_1_227' title='bbox 320 3329 474 3385; x_wconf 77' lang='grc' dir='ltr'>ἐνεδείκνυτο</span> <span class='ocrx_word' id='word_1_228' title='bbox 495 3330 522 3384; x_wconf 81' lang='grc' dir='ltr'>δέ</span> <span class='ocrx_word' id='word_1_229' title='bbox 541 3331 586 3399; x_wconf 74' lang='grc' dir='ltr'>τὸν</span> <span class='ocrx_word' id='word_1_230' title='bbox 607 3331 635 3384; x_wconf 87' lang='grc' dir='ltr'>έν</span> <span class='ocrx_word' id='word_1_231' title='bbox 653 3334 683 3400; x_wconf 80' lang='grc' dir='ltr'>τῇ</span> <span class='ocrx_word' id='word_1_232' title='bbox 704 3329 805 3403; x_wconf 84' lang='grc' dir='ltr'>γενέσει</span> <span class='ocrx_word' id='word_1_233' title='bbox 825 3327 971 3401; x_wconf 80' lang='grc' dir='ltr'>ἐναρμόνιον</span> <span class='ocrx_word' id='word_1_234' title='bbox 990 3328 1061 3398; x_wconf 83' lang='grc' dir='ltr'>μῖξιν</span> <span class='ocrx_word' id='word_1_235' title='bbox 1080 3332 1132 3380; x_wconf 89' lang='grc' dir='ltr'>τῶν</span> <span class='ocrx_word' id='word_1_236' title='bbox 1152 3327 1312 3380; x_wconf 79' lang='grc' dir='ltr'>ἐναντίων-</span> 
     </span>
     <span class='ocr_line' id='line_1_27' title="bbox 209 3421 1393 3500; baseline -0.002 -19"><span class='ocrx_word' id='word_1_237' title='bbox 209 3423 355 3484; x_wconf 85' lang='lat' dir='ltr'><strong>fol.18a:</strong></span> <span class='ocrx_word' id='word_1_238' title='bbox 383 3430 465 3483; x_wconf 87' lang='grc' dir='ltr'>πάντα</span> <span class='ocrx_word' id='word_1_239' title='bbox 485 3425 610 3497; x_wconf 81' lang='grc' dir='ltr'>ἀλλήλοις</span> <span class='ocrx_word' id='word_1_240' title='bbox 629 3429 708 3482; x_wconf 64' lang='lat' dir='ltr'><strong>fatet</strong></span> <span class='ocrx_word' id='word_1_241' title='bbox 729 3428 810 3484; x_wconf 79' lang='grc' dir='ltr'>ἔσται·</span> <span class='ocrx_word' id='word_1_242' title='bbox 839 3428 879 3482; x_wconf 76' lang='grc' dir='ltr'>καὶ</span> <span class='ocrx_word' id='word_1_243' title='bbox 893 3430 907 3480; x_wconf 88' lang='grc' dir='ltr'><strong><em>ὁ</em></strong></span> <span class='ocrx_word' id='word_1_244' title='bbox 920 3423 1090 3500; x_wconf 85' lang='grc' dir='ltr'>Ἡρακλείτου</span> <span class='ocrx_word' id='word_1_245' title='bbox 1110 3427 1189 3496; x_wconf 82' lang='grc' dir='ltr'>λόγος</span> <span class='ocrx_word' id='word_1_246' title='bbox 1207 3421 1312 3492; x_wconf 75' lang='grc' dir='ltr'>ἀληθής,</span> <span class='ocrx_word' id='word_1_247' title='bbox 1391 3475 1393 3479; x_wconf 93' lang='grc'>.</span> 
     </span>
     <span class='ocr_line' id='line_1_28' title="bbox 209 3521 849 3599; baseline 0.011 -21"><span class='ocrx_word' id='word_1_248' title='bbox 209 3527 224 3578; x_wconf 88' lang='grc' dir='ltr'>ὁ</span> <span class='ocrx_word' id='word_1_249' title='bbox 238 3526 323 3599; x_wconf 79' lang='grc' dir='ltr'>λέγων</span> <span class='ocrx_word' id='word_1_250' title='bbox 335 3528 365 3581; x_wconf 85' lang='grc' dir='ltr'>τὸ</span> <span class='ocrx_word' id='word_1_251' title='bbox 379 3527 475 3599; x_wconf 79' lang='grc' dir='ltr'>ἀγαθὸν</span> <span class='ocrx_word' id='word_1_252' title='bbox 487 3529 528 3582; x_wconf 77' lang='grc' dir='ltr'>καὶ</span> <span class='ocrx_word' id='word_1_253' title='bbox 541 3529 571 3582; x_wconf 83' lang='grc' dir='ltr'>τό</span> <span class='ocrx_word' id='word_1_254' title='bbox 585 3528 659 3581; x_wconf 89' lang='grc' dir='ltr'>κακδν</span> <span class='ocrx_word' id='word_1_255' title='bbox 673 3527 765 3582; x_wconf 85' lang='grc' dir='ltr'>ταάτδν</span> <span class='ocrx_word' id='word_1_256' title='bbox 779 3521 849 3585; x_wconf 78' lang='grc' dir='ltr'>εἶναι.</span> 
     </span>
    </p>

    <p class='ocr_par' dir='ltr' id='par_1_8' title="bbox 210 3617 1312 3877">
     <span class='ocr_line' id='line_1_29' title="bbox 250 3617 1311 3700; baseline -0.005 -21"><span class='ocrx_word' id='word_1_257' title='bbox 250 3639 339 3680; x_wconf 81' lang='lat' dir='ltr'><strong>nv111.</strong></span> <span class='ocrx_word' id='word_1_258' title='bbox 362 3621 445 3682; x_wconf 79' lang='lat' dir='ltr'><strong>(lons.</strong></span> <span class='ocrx_word' id='word_1_259' title='bbox 473 3621 642 3700; x_wconf 91' lang='lat' dir='ltr'><strong>Xenophon</strong></span> <span class='ocrx_word' id='word_1_260' title='bbox 669 3622 756 3682; x_wconf 89' lang='lat' dir='ltr'><strong>Mem.</strong></span> <span class='ocrx_word' id='word_1_261' title='bbox 781 3623 799 3682; x_wconf 93' lang='lat' dir='ltr'>i.</span> <span class='ocrx_word' id='word_1_262' title='bbox 829 3642 855 3695; x_wconf 79' lang='grc' dir='ltr'>ι,</span> <span class='ocrx_word' id='word_1_263' title='bbox 881 3635 919 3695; x_wconf 84' lang='grc'>54</span> <span class='ocrx_word' id='word_1_264' title='bbox 926 3642 935 3695; x_wconf 84' lang='grc'><strong>;</strong></span> <span class='ocrx_word' id='word_1_265' title='bbox 968 3621 1051 3680; x_wconf 88' lang='lat' dir='ltr'><strong>Plato</strong></span> <span class='ocrx_word' id='word_1_266' title='bbox 1075 3617 1165 3697; x_wconf 80' lang='lat' dir='ltr'><strong>Gorg.</strong></span> <span class='ocrx_word' id='word_1_267' title='bbox 1192 3632 1248 3694; x_wconf 86' lang='lat'>521</span> <span class='ocrx_word' id='word_1_268' title='bbox 1277 3617 1311 3689; x_wconf 87' lang='lat' dir='ltr'>E,</span> 
     </span>
     <span class='ocr_line' id='line_1_30' title="bbox 210 3713 1312 3798; baseline -0.003 -21"><span class='ocrx_word' id='word_1_269' title='bbox 210 3718 297 3778; x_wconf 87' lang='lat' dir='ltr'><strong>Polit.</strong></span> <span class='ocrx_word' id='word_1_270' title='bbox 323 3740 380 3795; x_wconf 86' lang='lat'>293</span> <span class='ocrx_word' id='word_1_271' title='bbox 396 3721 421 3778; x_wconf 87' lang='grc' dir='ltr'>Β</span> <span class='ocrx_word' id='word_1_272' title='bbox 428 3740 437 3793; x_wconf 77' lang='lat'>3</span> <span class='ocrx_word' id='word_1_273' title='bbox 461 3720 628 3797; x_wconf 83' lang='lat' dir='ltr'><strong>Simplicius</strong></span> <span class='ocrx_word' id='word_1_274' title='bbox 646 3719 679 3779; x_wconf 89' lang='lat' dir='ltr'>in</span> <span class='ocrx_word' id='word_1_275' title='bbox 698 3721 823 3798; x_wconf 87' lang='lat' dir='ltr'><strong>Epictet.</strong></span> <span class='ocrx_word' id='word_1_276' title='bbox 842 3740 886 3796; x_wconf 85' lang='lat'>13,</span> <span class='ocrx_word' id='word_1_277' title='bbox 906 3739 935 3796; x_wconf 90' lang='lat' dir='ltr'>p.</span> <span class='ocrx_word' id='word_1_278' title='bbox 952 3722 990 3795; x_wconf 85' lang='lat'>83</span> <span class='ocrx_word' id='word_1_279' title='bbox 1006 3719 1079 3777; x_wconf 85' lang='lat' dir='ltr'><strong>Det</strong></span> <span class='ocrx_word' id='word_1_280' title='bbox 1095 3730 1141 3792; x_wconf 85' lang='lat'>27,</span> <span class='ocrx_word' id='word_1_281' title='bbox 1160 3737 1189 3794; x_wconf 92' lang='lat' dir='ltr'>p.</span> <span class='ocrx_word' id='word_1_282' title='bbox 1209 3717 1265 3791; x_wconf 76' lang='lat'>178</span> <span class='ocrx_word' id='word_1_283' title='bbox 1280 3713 1312 3774; x_wconf 84' lang='lat' dir='ltr'>A</span> 
     </span>
     <span class='ocr_line' id='line_1_31' title="bbox 211 3816 476 3877; baseline 0 -2"><span class='ocrx_word' id='word_1_284' title='bbox 211 3816 255 3877; x_wconf 82' lang='lat' dir='ltr'><strong>ed.</strong></span> <span class='ocrx_word' id='word_1_285' title='bbox 271 3817 373 3876; x_wconf 85' lang='lat' dir='ltr'><strong>Heius.</strong></span> <span class='ocrx_word' id='word_1_286' title='bbox 473 3841 476 3848; x_wconf 69' lang='grc'><em>’</em></span> 
     </span>
    </p>
   </div>
   <div class='ocr_carea' id='block_1_7' title="bbox 208 3991 1316 4609">
    <p class='ocr_par' dir='ltr' id='par_1_9' title="bbox 208 3991 1316 4609">
     <span class='ocr_line' id='line_1_32' title="bbox 242 3991 1314 4064; baseline -0.007 -15"><span class='ocrx_word' id='word_1_287' title='bbox 242 4013 317 4049; x_wconf 76' lang='lat' dir='ltr'>mu.</span> <span class='ocrx_word' id='word_1_288' title='bbox 335 3997 486 4048; x_wconf 77' lang='grc' dir='ltr'>ἔταιτέονται</span> <span class='ocrx_word' id='word_1_289' title='bbox 504 4001 630 4064; x_wconf 84' lang='lat' dir='ltr'><strong>Bernays;</strong></span> <span class='ocrx_word' id='word_1_290' title='bbox 656 3999 700 4049; x_wconf 86' lang='lat' dir='ltr'>sed</span> <span class='ocrx_word' id='word_1_291' title='bbox 718 3997 782 4048; x_wconf 85' lang='lat' dir='ltr'><strong>coni.</strong></span> <span class='ocrx_word' id='word_1_292' title='bbox 800 3997 875 4047; x_wconf 83' lang='lat' dir='ltr'><strong>Plato</strong></span> <span class='ocrx_word' id='word_1_293' title='bbox 892 3997 924 4045; x_wconf 88' lang='lat' dir='ltr'><strong>de</strong></span> <span class='ocrx_word' id='word_1_294' title='bbox 940 3996 1004 4061; x_wconf 87' lang='lat' dir='ltr'><strong>Rep.</strong></span> <span class='ocrx_word' id='word_1_295' title='bbox 1018 3998 1052 4048; x_wconf 85' lang='lat' dir='ltr'>vi.</span> <span class='ocrx_word' id='word_1_296' title='bbox 1069 4005 1119 4061; x_wconf 84' lang='lat'>497</span> <span class='ocrx_word' id='word_1_297' title='bbox 1136 3995 1159 4042; x_wconf 93' lang='lat' dir='ltr'>B</span> <span class='ocrx_word' id='word_1_298' title='bbox 1195 3998 1205 4052; x_wconf 80' lang='lat' dir='ltr'>ll</span> <span class='ocrx_word' id='word_1_299' title='bbox 1222 3991 1314 4055; x_wconf 86' lang='grc' dir='ltr'>μηδένα</span> 
     </span>
     <span class='ocr_line' id='line_1_33' title="bbox 210 4070 1314 4143; baseline -0.01 -14"><span class='ocrx_word' id='word_1_300' title='bbox 210 4079 326 4143; x_wconf 84' lang='lat' dir='ltr'><strong>Sauppe:</strong></span> <span class='ocrx_word' id='word_1_301' title='bbox 344 4075 420 4140; x_wconf 80' lang='grc' dir='ltr'>μηδὲν</span> <span class='ocrx_word' id='word_1_302' title='bbox 431 4078 508 4141; x_wconf 78' lang='lat' dir='ltr'><strong>vulg,</strong></span> <span class='ocrx_word' id='word_1_303' title='bbox 519 4078 633 4141; x_wconf 84' lang='lat' dir='ltr'><strong>Bernays</strong></span> <span class='ocrx_word' id='word_1_304' title='bbox 661 4081 672 4135; x_wconf 90' lang='grc' dir='ltr'>ΙΙ</span> <span class='ocrx_word' id='word_1_305' title='bbox 684 4075 746 4138; x_wconf 72' lang='grc' dir='ltr'>ἄξιοι</span> <span class='ocrx_word' id='word_1_306' title='bbox 758 4077 871 4139; x_wconf 84' lang='lat' dir='ltr'><strong>Bernays</strong></span> <span class='ocrx_word' id='word_1_307' title='bbox 896 4079 905 4134; x_wconf 92' lang='grc' dir='ltr'>ΙΙ</span> <span class='ocrx_word' id='word_1_308' title='bbox 918 4073 1005 4135; x_wconf 84' lang='grc' dir='ltr'>μισθὸν</span> <span class='ocrx_word' id='word_1_309' title='bbox 1015 4073 1204 4123; x_wconf 88' lang='lat' dir='ltr'><strong>Wordsworth:</strong></span> <span class='ocrx_word' id='word_1_310' title='bbox 1223 4070 1314 4132; x_wconf 80' lang='grc' dir='ltr'>μισθῶν</span> 
     </span>
     <span class='ocr_line' id='line_1_34' title="bbox 209 4147 1314 4221; baseline -0.008 -16"><span class='ocrx_word' id='word_1_311' title='bbox 209 4157 284 4221; x_wconf 73' lang='lat' dir='ltr'><strong>vulg,</strong></span> <span class='ocrx_word' id='word_1_312' title='bbox 297 4155 411 4218; x_wconf 76' lang='lat' dir='ltr'><strong>Berirays</strong></span> <span class='ocrx_word' id='word_1_313' title='bbox 443 4160 453 4214; x_wconf 77' lang='lat' dir='ltr'>ll</span> <span class='ocrx_word' id='word_1_314' title='bbox 471 4153 549 4203; x_wconf 78' lang='grc' dir='ltr'>ταύτὰ</span> <span class='ocrx_word' id='word_1_315' title='bbox 560 4155 661 4219; x_wconf 82' lang='lat' dir='ltr'><strong>Sauppe</strong></span> <span class='ocrx_word' id='word_1_316' title='bbox 696 4160 705 4214; x_wconf 93' lang='grc' dir='ltr'>ΙΙ</span> <span class='ocrx_word' id='word_1_317' title='bbox 719 4153 759 4202; x_wconf 71' lang='grc' dir='ltr'>καὶ</span> <span class='ocrx_word' id='word_1_318' title='bbox 775 4151 952 4215; x_wconf 81' lang='grc' dir='ltr'>&lt;τάιιαιιά&gt;</span> <span class='ocrx_word' id='word_1_319' title='bbox 971 4151 1014 4200; x_wconf 75' lang='grc' dir='ltr'>τὰς</span> <span class='ocrx_word' id='word_1_320' title='bbox 1026 4150 1111 4201; x_wconf 85' lang='grc' dir='ltr'>νόσουι</span> <span class='ocrx_word' id='word_1_321' title='bbox 1122 4152 1221 4216; x_wconf 84' lang='lat' dir='ltr'><strong>Sauppe</strong></span> <span class='ocrx_word' id='word_1_322' title='bbox 1251 4147 1314 4197; x_wconf 81' lang='grc' dir='ltr'>κατὰ</span> 
     </span>
     <span class='ocr_line' id='line_1_35' title="bbox 209 4227 1314 4296; baseline -0.005 -13"><span class='ocrx_word' id='word_1_323' title='bbox 209 4233 252 4283; x_wconf 76' lang='grc' dir='ltr'>τάν</span> <span class='ocrx_word' id='word_1_324' title='bbox 269 4232 353 4282; x_wconf 79' lang='grc' dir='ltr'>νόσους</span> <span class='ocrx_word' id='word_1_325' title='bbox 374 4249 441 4296; x_wconf 90' lang='lat' dir='ltr'><strong>susp.</strong></span> <span class='ocrx_word' id='word_1_326' title='bbox 458 4233 594 4282; x_wconf 84' lang='lat' dir='ltr'><strong>Petersen:</strong></span> <span class='ocrx_word' id='word_1_327' title='bbox 623 4233 680 4281; x_wconf 77' lang='lat' dir='ltr'><strong>fort.</strong></span> <span class='ocrx_word' id='word_1_328' title='bbox 706 4231 746 4280; x_wconf 77' lang='lat' dir='ltr'><strong>sal</strong></span> <span class='ocrx_word' id='word_1_329' title='bbox 765 4230 885 4286; x_wconf 81' lang='grc' dir='ltr'>βασάνουτ</span> <span class='ocrx_word' id='word_1_330' title='bbox 904 4233 959 4281; x_wconf 89' lang='lat' dir='ltr'><strong>coll.</strong></span> <span class='ocrx_word' id='word_1_331' title='bbox 979 4233 1048 4280; x_wconf 83' lang='lat' dir='ltr'><strong>Sext.</strong></span> <span class='ocrx_word' id='word_1_332' title='bbox 1064 4231 1138 4293; x_wconf 87' lang='lat' dir='ltr'><strong>Emp.</strong></span> <span class='ocrx_word' id='word_1_333' title='bbox 1157 4229 1213 4278; x_wconf 89' lang='lat' dir='ltr'><strong>adv.</strong></span> <span class='ocrx_word' id='word_1_334' title='bbox 1233 4227 1314 4278; x_wconf 80' lang='lat' dir='ltr'><strong>Msth.</strong></span> 
     </span>
     <span class='ocr_line' id='line_1_36' title="bbox 208 4307 1314 4375; baseline -0.007 -14"><span class='ocrx_word' id='word_1_335' title='bbox 208 4312 243 4361; x_wconf 84' lang='lat' dir='ltr'>xi.</span> <span class='ocrx_word' id='word_1_336' title='bbox 262 4311 411 4375; x_wconf 81' lang='lat' dir='ltr'><strong>159.-Vox</strong></span> <span class='ocrx_word' id='word_1_337' title='bbox 429 4307 602 4371; x_wconf 76' lang='grc' dir='ltr'>βασανίζοντες</span> <span class='ocrx_word' id='word_1_338' title='bbox 622 4310 669 4358; x_wconf 89' lang='lat' dir='ltr'>hoo</span> <span class='ocrx_word' id='word_1_339' title='bbox 686 4325 760 4358; x_wconf 85' lang='lat' dir='ltr'><strong>sensu</strong></span> <span class='ocrx_word' id='word_1_340' title='bbox 780 4311 863 4373; x_wconf 86' lang='lat' dir='ltr'><strong>posita</strong></span> <span class='ocrx_word' id='word_1_341' title='bbox 883 4310 1001 4359; x_wconf 88' lang='lat' dir='ltr'><strong>seriorem</strong></span> <span class='ocrx_word' id='word_1_342' title='bbox 1021 4308 1117 4357; x_wconf 83' lang='lat' dir='ltr'><strong>redolet</strong></span> <span class='ocrx_word' id='word_1_343' title='bbox 1136 4307 1314 4370; x_wconf 70' lang='lat' dir='ltr'><strong>graecitatem</strong></span> 
     </span>
     <span class='ocr_line' id='line_1_37' title="bbox 210 4385 1315 4454; baseline -0.006 -15"><span class='ocrx_word' id='word_1_344' title='bbox 210 4391 322 4454; x_wconf 86' lang='lat' dir='ltr'><strong>suspicor</strong></span> <span class='ocrx_word' id='word_1_345' title='bbox 341 4389 423 4438; x_wconf 81' lang='lat' dir='ltr'><strong>aliena</strong></span> <span class='ocrx_word' id='word_1_346' title='bbox 442 4389 595 4439; x_wconf 83' lang='lat' dir='ltr'><strong>Heracliteis</strong></span> <span class='ocrx_word' id='word_1_347' title='bbox 613 4403 666 4437; x_wconf 84' lang='lat' dir='ltr'><strong>esse</strong></span> <span class='ocrx_word' id='word_1_348' title='bbox 687 4387 799 4436; x_wconf 84' lang='lat' dir='ltr'><strong>admixta</strong></span> <span class='ocrx_word' id='word_1_349' title='bbox 818 4389 950 4453; x_wconf 90' lang='lat' dir='ltr'><strong>ipsumque</strong></span> <span class='ocrx_word' id='word_1_350' title='bbox 970 4387 1108 4452; x_wconf 77' lang='lat' dir='ltr'><strong>Ephesium</strong></span> <span class='ocrx_word' id='word_1_351' title='bbox 1127 4385 1155 4433; x_wconf 87' lang='lat' dir='ltr'>in</span> <span class='ocrx_word' id='word_1_352' title='bbox 1174 4385 1241 4433; x_wconf 89' lang='lat' dir='ltr'><strong>huno</strong></span> <span class='ocrx_word' id='word_1_353' title='bbox 1261 4385 1315 4433; x_wconf 85' lang='lat' dir='ltr'><strong>fere</strong></span> 
     </span>
     <span class='ocr_line' id='line_1_38' title="bbox 211 4464 1316 4533; baseline -0.004 -17"><span class='ocrx_word' id='word_1_354' title='bbox 211 4469 313 4517; x_wconf 89' lang='lat' dir='ltr'><strong>modum</strong></span> <span class='ocrx_word' id='word_1_355' title='bbox 322 4469 463 4533; x_wconf 85' lang='lat' dir='ltr'><strong>scripsisse:</strong></span> <span class='ocrx_word' id='word_1_356' title='bbox 480 4466 555 4531; x_wconf 72' lang='grc' dir='ltr'>ἰητροὶ</span> <span class='ocrx_word' id='word_1_357' title='bbox 564 4466 695 4528; x_wconf 80' lang='grc' dir='ltr'>τέμνοντει</span> <span class='ocrx_word' id='word_1_358' title='bbox 704 4464 813 4515; x_wconf 85' lang='grc' dir='ltr'>καίοντετ</span> <span class='ocrx_word' id='word_1_359' title='bbox 825 4466 964 4516; x_wconf 86' lang='grc' dir='ltr'>κεντέοντετ</span> <span class='ocrx_word' id='word_1_360' title='bbox 975 4466 1154 4530; x_wconf 78' lang='grc' dir='ltr'>στρεβλοῦντες</span> <span class='ocrx_word' id='word_1_361' title='bbox 1166 4465 1316 4515; x_wconf 69' lang='grc' dir='ltr'>ἐπαιτιῶνται</span> 
     </span>
     <span class='ocr_line' id='line_1_39' title="bbox 212 4543 626 4609; baseline 0.005 -15"><span class='ocrx_word' id='word_1_362' title='bbox 212 4546 293 4609; x_wconf 80' lang='grc' dir='ltr'>μηδέν’</span> <span class='ocrx_word' id='word_1_363' title='bbox 304 4543 371 4608; x_wconf 80' lang='grc' dir='ltr'>ἀξιον</span> <span class='ocrx_word' id='word_1_364' title='bbox 382 4546 471 4607; x_wconf 82' lang='grc' dir='ltr'>μισθὸν</span> <span class='ocrx_word' id='word_1_365' title='bbox 481 4545 626 4609; x_wconf 83' lang='grc' dir='ltr'>λαμβάνειν.</span> 
     </span>
    </p>
   </div>
   <div class='ocr_carea' id='block_1_8' title="bbox 0 0 1640 5174">
    <p class='ocr_par' dir='ltr' id='par_1_10' title="bbox 0 0 1640 5174">
     <span class='ocr_line' id='line_1_40' title="bbox 0 0 1640 5174; baseline 0 0"><span class='ocrx_word' id='word_1_366' title='bbox 0 0 1640 5174; x_wconf 95' lang='lat' dir='ltr'> </span> 
     </span>
    </p>
   </div>
  </div>
 </body>
</html>
