3252 5174
331 423 370 477 52
547 429 759 476 ΗΡΑΚΛΕΙΤΟΥ
787 425 929 474 ΕΦΕΣῙΟΥ
958 425 1035 471 ΠΕΡΙ
1063 421 1201 471 orient.

789 662 976 730 CXXXVI.

375 809 539 874 Maximus
569 808 659 876 Conf.
691 809 790 873 Serm.
816 808 845 885 8,
874 830 906 891 p.
931 817 1016 888 557:
1060 801 1260 883 Ἡρακλείτου
1290 801 1431 880 φυσικοῦ.

325 915 344 994 ἡ
365 915 497 993 εὔκαιρος
516 912 603 996 χάρις
621 913 698 998 λιμῷ
718 910 849 993 καθάπερ
868 909 963 992 τροφὴ
985 909 1172 990 ἁρμόττουσα
1190 903 1244 984 τὴν
1261 905 1313 981 τῆς
1328 902 1432 983 ψυχῆς

328 1015 447 1081 ἔνδειαν
462 1017 550 1080 ίᾶται.
1246 1011 1253 1018 “

372 1117 374 1122 ’
412 1152 439 1192 v.
455 1129 699 1191 Schleicrmacher
712 1150 740 1208 p.
757 1144 826 1204 5²²·

780 1325 984 1392 CXXXVII.

376 1454 538 1519 Maximus
561 1454 652 1520 Oonf.
672 1456 771 1520 Serm.
794 1457 846 1536 46,
869 1477 901 1538 p.
925 1453 1010 1533 646:
1039 1450 1247 1536 Ἡρακλείτου.
1277 1473 1433 1528 συντομω-

330 1556 424 1636 τάτην
447 1559 517 1623 ὁδὸν
547 1561 563 1622 ὁ
593 1558 680 1624 αὐτὸς
710 1555 959 1646 [Theophrastus
967 1554 998 1644 l]
1025 1557 1132 1638 ἔλεγεν
1161 1556 1203 1621 εἰς
1232 1549 1367 1631 εὐδοξίαν
1395 1550 1432 1614 τὸ

330 1660 474 1743 γενέσθαι
488 1663 612 1744 ἀγαθόν.

776 1849 1000 1915 CXXXVIII.

378 1984 483 2049 Schol.
507 1986 548 2050 nd
571 1985 681 2069 Eurip.
706 1987 785 2052 Hec.
812 2006 883 2072 134,
907 1992 932 2050 t.
954 1986 976 2051 i.
999 2009 1030 2070 p.
1055 1996 1119 2067 254
1141 1984 1259 2048 Dind.:
1289 1985 1382 2050 κότις·
1414 1984 1432 2044 ὁ

330 2087 427 2156 λάλος
450 2137 457 2152 .
482 2138 491 2154 .
516 2138 524 2153 .
548 2088 667 2156 κοπίδας
681 2115 715 2154 τε
726 2093 777 2157 τὰς
791 2095 850 2154 τῶν
862 2092 964 2172 λόγων
979 2089 1084 2173 τέχνας
1098 2090 1188 2153 ἄλλοι
1202 2115 1235 2153 τε
1251 2087 1299 2152 καὶ
1308 2089 1434 2165 Τίμαιος

330 2193 425 2258 οὕτως
439 2191 557 2274 γράφει·
575 2190 675 2255 Ὥστε
697 2191 744 2255 καὶ
764 2193 923 2274 φαίνεσθαι
941 2192 981 2271 μὴ
1001 2192 1053 2257 τὸν
1073 2193 1254 2274 Πυθαγόραν
1272 2189 1434 2276 εὑρόμενον

334 2299 393 2358 τῶν
412 2295 560 2374 ἀληθινῶν
580 2297 706 2359 κοπίδων
725 2298 799 2374 μηδὲ
819 2294 871 2360 τὸν
890 2294 940 2376 ὑφ’
959 2293 1156 2377 Ἡρακλείτου
1171 2293 1432 2377 κατηγορούμενον,

333 2395 403 2461 ἀλλ’
419 2397 509 2462 αὐτὸν
522 2393 721 2477 Ἡράκλειτον
736 2397 810 2462 εἶναι
824 2397 875 2463 τὸν
890 2399 1150 2477 ἅλαζονενόμενον.

416 2563 496 2644 (αοΙο
516 2584 590 2641 quac
607 2564 741 2622 Timacus
758 2570 827 2624 ente
844 2565 942 2624 oculos
959 2565 1062 2625 hebuit
1080 2564 1229 2624 Heraclito
1246 2563 1432 2624 adtribuere:

373 2663 399 2723 si
419 2662 489 2742 quid
502 2662 535 2721 in
548 2662 610 2722 loco
624 2662 727 2721 misere
740 2669 876 2742 corrupto
890 2683 1005 2725 cernere
1026 2664 1103 2737 licet,
1117 2664 1190 2723 illud
1211 2663 1314 2722 saltem
1333 2662 1434 2722 videre

373 2760 482 2832 videor,
496 2759 676 2819 restituendo
689 2779 750 2820 esse
764 2766 938 2836 Πρωταγόραν
951 2766 982 2820 et
995 2762 1163 2837 Ἡρακλείδην
1176 2761 1303 2821 nomina.
1340 2760 1433 2820 Hera·

375 2857 458 2918 clidis
472 2858 550 2917 enim
565 2841 678 2917 Pontici
688 2858 802 2916 exstitit
810 2857 942 2936 dialogus
952 2863 1066 2934 περὶτοῦ
1078 2859 1245 2934 ῥητορεῦεωῆ
1260 2863 1435 2934 Πρωταγόρας

374 2954 547 3032 inscriptne3
566 2955 679 3031 saepius
690 2961 796 3030 antem,
807 2960 882 3016 teste
891 2956 993 3016 Beotio
1006 2957 1044 3015 nd
1052 2956 1172 3033 Gregor.
1184 2956 1314 3017 Corinth.
1325 2976 1353 3034 p.
1363 2959 1434 3030 603,

374 3058 548 3129 Πρωταγόρας
566 3059 596 3113 ct
614 3056 766 3131 Πυθαγόρας
783 3074 800 3113 ο
820 3055 922 3114 scribis
941 3055 1163 3116 confunduntur.
1205 3055 1310 3134 Neque
1330 3056 1434 3114 adsen-

374 3151 432 3211 tior
445 3150 574 3227 Bergkio
593 3151 736 3212 Heracliti
750 3172 855 3212 nomen
874 3154 1025 3230 reponenti
1037 3153 1070 3212 in
1084 3153 1180 3214 Schol.
1194 3154 1232 3212 nd
1245 3153 1347 3230 Eurip.
1363 3150 1433 3212 Alc.

376 3253 445 3327 983,
459 3250 522 3309 loco
535 3248 679 3309 artissime
692 3250 860 3312 cohaerente
874 3271 940 3311 cum
954 3251 990 3310 iis
1004 3271 1078 3331 qnae
1092 3271 1129 3311 ex
1143 3250 1298 3312 Heraclide
1313 3250 1434 3310 Pontico

376 3348 510 3408 Clemens
523 3347 609 3408 Alex.
624 3348 768 3426 Protrept.
785 3369 813 3421 2,
826 3369 855 3426 p.
871 3369 919 3426 34,
934 3348 1056 3411 Photius
1071 3349 1142 3410 Lex.
1155 3369 1178 3412 ς.
1188 3371 1216 3410 v.
1230 3350 1318 3407 λύσιοι
1330 3349 1436 3409 τελεταί

374 3452 570 3506 servaverunt.
610 3443 703 3523 Apud
717 3446 817 3507 Orion.
832 3447 932 3525 Etym.
952 3467 974 3508 e.
993 3469 1020 3507 v.
1041 3451 1150 3523 κάρηρος
1173 3468 1232 3507 non
1247 3446 1433 3506 Heraclitum

374 3544 426 3602 ced
439 3542 625 3602 Heraclidem
638 3545 870 3620 grammaticum,
885 3545 937 3624 qui
950 3550 1009 3621 περὶ
1023 3547 1189 3620 ἐτυμολογίας
1207 3545 1332 3624 scripsit,
1347 3545 1432 3605 citari

341 3687 343 3692 .
375 3639 580 3700 animadvertit
591 3640 650 3699 inm
664 3640 797 3701 Stnrziun
811 3644 849 3704 cd
862 3643 960 3706 Orion.
976 3664 1005 3723 p.
1019 3658 1077 3722 254
1091 3664 1098 3704 ε
1120 3643 1195 3708 oonf.
1205 3642 1305 3722 cyrill.
1319 3642 1388 3704 Lex.
1398 3643 1431 3702 in

378 3736 508 3798 Oramcri
521 3736 560 3797 A.
575 3737 606 3799 P.
621 3737 658 3800 iv.
674 3759 702 3818 p.
721 3739 800 3819 184.)
855 3783 864 3795 .
