3252 5174
647 455 726 501 ΠΕΡΙ
747 455 883 504 ΦΥΣΕΩΣ.

682 650 843 714 LXVIII.

210 769 342 864 Ψυχῇσι
368 765 436 867 γὰρ
456 767 597 846 θάνατος
619 769 700 866 ὕδωρ
725 772 888 863 γενέσθαι,
913 769 1006 842 iilum
1025 769 1059 840 δὲ
1085 767 1226 847 θάνατος
1251 777 1312 863 γῆν

211 881 376 972 γενέσθαι·
402 883 436 950 ἐκ
454 890 514 974 γῆς
532 880 566 952 δὲ
582 879 665 981 ὕδωρ
684 885 823 976 γίνεται,
841 881 878 978 ἐξ
893 882 1012 960 ἀάατος
1029 881 1063 953 ἀὲ
1081 880 1189 979 ψυχά.

208 1102 308 1142 sumus
328 1102 428 1142 eorum
442 1083 520 1154 vita3
548 1083 602 1142 sub
623 1083 786 1160 aenigmate
806 1088 911 1143 nolens
932 1071 1062 1161 eoiporis
1078 1083 1169 1142 vitem
1186 1087 1310 1142 monem

209 1200 270 1239 esse
290 1181 413 1247 animae,
427 1187 551 1240 mortem
567 1187 665 1240 eutem
684 1182 793 1241 dictum
807 1183 899 1242 vitem
918 1181 1114 1240 felicissimam
1133 1201 1166 1240 ee
1186 1181 1310 1259 primam

208 1281 509 1341 animae—Maximus
523 1282 589 1360 Tyr.
604 1304 633 1342 x.
649 1303 675 1356 4,
691 1303 719 1360 p.
735 1296 789 1358 107
805 1305 812 1342 ι
835 1288 927 1341 σκόπει
941 1287 982 1340 καὶ
995 1287 1040 1340 τὸν
1052 1284 1228 1357 Ἡράκλειτον·
1249 1286 1310 1340 θεοὶ

208 1383 302 1452 θνητοί,
314 1382 442 1456 ἅνθρωποι
452 1383 696 1442 doluerat-Idem
708 1383 758 1441 xli.
771 1404 798 1455 4,
809 1403 838 1460 p.
851 1385 910 1458 489
923 1401 929 1440 :
950 1384 1101 1457 μεταβολὴν
1112 1387 1174 1456 ὁρᾷς
1184 1383 1310 1453 σωμάτων

207 1483 247 1536 καί
261 1481 387 1554 γενέσεως
401 1481 526 1554 ἀλλαγήν,
537 1483 597 1538 ὁδὸν
607 1483 658 1538 ἀνω
669 1484 709 1537 καὶ
723 1485 797 1554 κάτω,
809 1477 870 1537 ι’κατά
881 1484 925 1539 τὸν
938 1481 1116 1554 Ἡράκλειτον·
1138 1481 1178 1536 καὶ
1192 1478 1264 1536 αὖθις
1277 1478 1309 1536 αὖ

207 1581 303 1646 ζῶντας
326 1580 373 1647 μὲν
393 1580 440 1635 τὸν
453 1579 553 1635 ἐκείνων
577 1580 693 1649 θάνατον,
717 1580 927 1650 ἀποθνήσκοντας
954 1581 982 1634 δέ
1004 1581 1049 1656 τὴν
1073 1576 1175 1634 ἐκείνων
1202 1577 1309 1648 ζωήν-

206 1673 372 1733 Numenius
392 1695 438 1751 up.
460 1674 599 1752 Porphyr.
614 1676 651 1735 de
665 1675 761 1735 Aulro
775 1675 895 1754 nymph.
909 1695 944 1736 10
958 1697 963 1734 :
987 1680 1028 1732 καὶ
1041 1677 1160 1748 ἀλλαχοῦ
1174 1676 1202 1731 δὲ
1217 1677 1307 1747 φάναι*

206 1777 256 1844 Ζῆν
265 1773 329 1844 ἡμᾶς
338 1777 384 1830 τὸν
392 1776 493 1830 ἐκείνων
503 1777 612 1831 θάνατον
622 1777 663 1831 καὶ
677 1779 720 1846 ζῆν
731 1777 824 1834 ἐκείνας
837 1781 882 1831 τὸν
892 1776 1014 1847 ἡμέτερον
1025 1772 1308 1832 θάνατον-0121119111

206 1868 293 1929 Alex.
308 1871 392 1931 Paed.
406 1871 448 1932 iii.
462 1891 486 1937 1,
501 1892 529 1949 p.
547 1887 600 1946 251
615 1892 621 1932 :
643 1874 725 1945 ὀρθῶς
739 1875 788 1946 ἀρα
802 1871 872 1930 εἶπεν
883 1873 1060 1946 Ἡράκλειτος·
1085 1873 1234 1944 ’Ἄνθρωποι
1245 1873 1307 1942 θεοί,

206 1971 260 2026 θεαὶ
274 1970 411 2043 ἅνθρωποι.
445 1974 526 2044 λόγος
538 1973 588 2045 γάρ
602 1975 617 2027 ὁ
632 1972 708 2029 αὐτὸς
725 1967 818 2052 [ωὐτὸς
831 1970 910 2047 vulg.
924 1990 997 2029 corr.
1012 1964 1153 2050 Bernays]
1167 1970 1309 2042 μυστήριον

207 2068 327 2139 ἐμφανές·
349 2069 407 2127 θεὸς
428 2071 455 2125 ἐν
475 2071 599 2145 ἀνθρώπῳ
613 2071 653 2124 καὶ
674 2074 688 2124 ὁ
709 2070 842 2144 ἅνθρωπος
856 2066 1136 2144 Oedi-Hippolytus
1151 2065 1213 2125 Res.
1228 2065 1305 2126 haer.

205 2163 244 2224 ix.
273 2184 326 2223 10:
348 2169 420 2241 λέγει
442 2169 470 2223 δέ
490 2169 700 2241 ὁμολογουμένως
720 2171 750 2223 τὸ
771 2169 896 2225 ἀθάνατον
916 2163 978 2222 εἶναι
1000 2167 1090 2236 θνητὸν
1107 2168 1148 2221 καὶ
1167 2168 1197 2222 τὸ
1218 2166 1309 2236 θνητὸν

205 2263 330 2319 ἀθάνατον
343 2265 385 2319 διὰ
397 2271 448 2321 τῶν
460 2265 583 2323 τοιούτων
595 2269 690 2340 λόγων·
709 2265 844 2322 Ἀθάνατοι
859 2266 952 2336 θνητοί,
968 2265 1053 2334 θνητοὶ
1074 2264 1201 2334 ἀθάναται,
1217 2266 1308 2332 ζῶντες

204 2363 249 2416 τὸν
269 2362 370 2418 ἐκείνων
390 2363 496 2419 θάνατον
515 2366 560 2419 τὸν
580 2365 609 2420 δὲ
628 2365 729 2420 ἐκείνων
748 2366 808 2431 βίον
826 2359 1155 2421 novusne-Hierocles
1179 2359 1210 2417 in
1232 2359 1306 2418 Aur.

205 2477 293 2517 earm.
310 2479 365 2532 24:
388 2463 459 2517 ἐνθεν
472 2465 513 2518 καὶ
526 2462 630 2536 λέγεται
645 2463 727 2535 ὀρθῶς
740 2464 790 2519 ὑπὸ
804 2462 973 2536 Ἡρακλείτου
993 2461 1033 2516 ὅτι
1054 2464 1136 2531 ζῶμεν
1148 2462 1193 2515 τὸν
1206 2460 1307 2515 ἐκείνων

205 2557 318 2629 θάνατον,
340 2559 495 2631 τεθνήκαμεν
514 2561 541 2614 δέ
562 2561 607 2615 τὸν
627 2561 727 2616 ἐκείνων
746 2557 1014 2626 βίον-Ηθηοίὶίυί
1035 2554 1132 2634 Alleg.
1152 2556 1240 2615 Hom.
1258 2575 1304 2629 24,

204 2673 232 2731 p.
252 2668 286 2729 51
305 2655 443 2714 Mehler.:
469 2661 484 2712 ὁ
504 2661 568 2731 γοῦν
588 2661 719 2715 σκοτεινὸς
738 2658 906 2730 Ἡράκλειτος
926 2657 1018 2730 ἀσαφῆ
1040 2659 1080 2712 καί
1100 2657 1142 2711 διὰ
1164 2659 1306 2726 συμβόλων

204 2755 348 2823 εἰκάζεσθαι
368 2757 492 2826 δυνάμενα
513 2756 632 2828 θεολογεῖ
651 2757 683 2810 τὰ
703 2757 804 2828 φυσικά
824 2755 856 2810 δι’
878 2757 914 2810 ὧν
927 2757 1003 2827 φησί·
1039 2756 1100 2810 θεοί
1116 2754 1204 2824 θνητοί
1223 2752 1245 2808 τ’
1260 2752 1304 2808 ἀν·

204 2853 302 2924 θρωποι
323 2853 451 2924 ἀθάνατοι,
466 2855 556 2921 ζῶντες
576 2856 620 2908 τὸν
633 2855 734 2909 ἐκείνων
751 2855 866 2924 θάνατον,
882 2852 1035 2923 θνήσκοντες
1054 2854 1101 2921 τὴν
1116 2853 1217 2907 ἐκείνων
1231 2850 1303 2921 ζωήν·

205 2952 244 3005 καὶ
261 2953 348 3007 πάλιν·
369 2955 499 3023 Ποταμοῖς
511 2955 566 3010 τοῖς
579 2953 664 3009 αὐτοῖς
685 2951 837 3022 ἐμβαίνομέν
857 2974 886 3006 τε
907 2953 948 3007 καὶ
961 2953 1007 3006 οὐκ
1020 2951 1179 3021 ἐμβαίνομεν,
1195 2946 1263 3020 εἶμέν
1276 2973 1305 3005 τε

203 3051 243 3104 καί
257 3051 303 3105 οὐκ
316 3045 392 3120 εἶμεν.
415 3047 478 3106 ὅλον
496 3072 525 3104 τε
545 3053 575 3106 τὸ
595 3049 778 3122 περὶφύσεως
798 3050 986 3123 οἶνιγματώδως
1007 3045 1304 3124 ἀλληγορεῖ-Κωμία.

203 3145 350 3204 Lucienus
363 3146 422 3205 vit.
441 3152 514 3205 auct.
535 3165 588 3218 14;
619 3145 677 3204 Dio
694 3145 810 3205 Cassius
824 3146 875 3205 frr.
890 3146 1032 3219 i-xxxv,
1046 3165 1070 3204 ο.
1087 3165 1134 3220 3ο,
1149 3152 1170 3205 t.
1184 3143 1204 3203 i.
1219 3163 1247 3221 p.
1264 3163 1304 3216 4ο

204 3243 292 3303 Dind.
306 3267 313 3304 t
336 3248 359 3301 εἷ
372 3249 423 3320 γάρ
438 3248 477 3303 δεῖ
489 3246 519 3316 δι’]
533 3271 558 3303 τι
577 3252 618 3302 καὶ
632 3247 821 3320 θρασυνόμενον
835 3248 922 3316 εἰπεῖν,
936 3248 989 3301 οὔτ’
1003 3247 1135 3318 ἅνθρωπος
1150 3246 1224 3300 οὐδὲν
1236 3244 1305 3299 ἀλλο

202 3343 303 3415 ἐστὶνῆ
318 3344 376 3402 θεὸς
390 3350 465 3414 σῶμα
479 3346 569 3416 θνητὸν
583 3346 657 3416 ἔχων,
672 3348 730 3399 οὔτε
744 3344 802 3401 θεὸς
815 3345 883 3398 ἄλλο
896 3367 922 3398 τι
934 3343 950 3414 ἢ
965 3343 1098 3415 ἄνθρωπος
1115 3343 1251 3410 ἀσώματος
1265 3343 1305 3396 καί

203 3442 245 3496 διὰ
264 3447 340 3497 τοῦτο
361 3443 402 3497 καὶ
422 3438 711 3499 deivarae-Hermes
732 3459 779 3516 ap.
802 3439 883 3499 Stob.
905 3438 967 3497 Ecl.
989 3437 1009 3497 i.
1033 3457 1079 3513 39,
1101 3457 1129 3514 p.
1154 3440 1229 3512 768:
1264 3439 1304 3493 διὸ

202 3542 343 3610 τολμητέον
367 3542 446 3596 εἶπεῖν
469 3542 514 3596 τάν
533 3541 579 3611 μέν
599 3539 733 3612 ἄνθρωπον
752 3540 866 3611 ἐπίγειον
885 3535 948 3594 εἶναι
969 3539 1060 3608 θνητὸν
1079 3537 1147 3609 θεάν,
1167 3539 1212 3593 τὸν
1232 3537 1254 3592 δ’
1278 3539 1304 3593 ἐν

203 3638 300 3714 οὐρανῷ
315 3639 373 3696 θεὸν
386 3639 510 3694 ἀθάνατον
523 3636 780 3712 ἄνθρωπον-ΜΘΗ]
794 3635 949 3694 Poemund.
968 3654 1013 3708 12,
1027 3654 1057 3713 p.
1076 3653 1133 3692 100
1147 3632 1302 3710 they.:

203 3738 218 3790 ὁ
232 3737 326 3809 ἀγαθὸς
340 3738 436 3808 δαίμων
450 3738 509 3795 τοὺς
520 3738 567 3810 μὲν
581 3737 653 3794 θεοὺς
672 3733 742 3792 εἶπεν
755 3736 894 3794 ἀθανάτους
908 3735 1064 3810 ἀνθρώπους,
1078 3735 1138 3792 τοὺς
1158 3735 1186 3789 δὲ
1207 3734 1303 3806 ἀνθρώ-

201 3856 265 3890 πους
279 3834 352 3892 θεοὺς
366 3834 479 3904 θνητούς.

242 3947 353 3990 uxvm.
375 3930 514 3990 Philode
533 3931 645 3990 Incorr.
665 3929 768 3990 mundi
785 3949 832 3996 21,
846 3951 875 4007 p.
891 3944 969 4006 509:
998 3929 1027 3986 εὖ
1047 3933 1088 3984 καὶ
1108 3930 1302 4001 ὁἫράκλειτος

201 4032 229 4086 ἐν
248 4027 287 4088 οἶς
300 4034 377 4104 φησι·
411 4034 500 4103 Ψυχῆς
521 4031 627 4086 θάνατον
648 4028 716 4104 ὕδωρ
737 4029 865 4102 γενέσθαι,
879 4028 972 4085 ὕδατος
993 4029 1100 4083 θάνατον
1112 4030 1160 4099 γῆν
1173 4027 1302 4098 γενέσθω.

201 4131 293 4202 ψυχὴν
304 4132 355 4204 γάρ
369 4132 481 4202 οἰόμενος
502 4125 564 4184 εἶναι
577 4131 607 4184 τὸ
625 4134 731 4200 πνεῦμα,
745 4129 791 4199 τὴν
803 4129 850 4199 μὲν
863 4127 937 4199 ἀέρος
950 4128 1071 4194 τελευτὴν
1083 4125 1185 4198 γένεσιν
1202 4121 1302 4194 ὕδατος,

200 4228 247 4298 τὴν
260 4229 288 4282 δέ
307 4227 399 4285 ὕδατος
414 4230 461 4301 γῆς
477 4229 556 4283 πάλιν
569 4227 671 4300 γένεσιν
684 4227 826 4281 αἰνίττεται·
856 4225 963 4279 θάνατον
977 4226 1006 4278 οὗ
1022 4224 1068 4292 τὴν
1081 4223 1191 4278 εἶσάπαν
1204 4222 1302 4294 ἀναίρε-

201 4348 244 4382 σιν
258 4327 386 4398 ὀνομάζων
399 4327 467 4380 ἀλλὰ
481 4326 526 4395 τὴν
540 4326 576 4381 είς
590 4325 675 4396 ἕτερον
690 4327 820 4396 στοιχεῖον
829 4319 1161 4393 paullulum—Aristides
1176 4319 1301 4392 Quintil.

201 4422 231 4495 ii,
247 4443 274 4500 p.
294 4425 349 4482 106
366 4423 454 4482 Meib.
471 4421 522 4502 (ad
540 4423 575 4481 fr.
590 4421 731 4484 LXXIV
745 4419 983 4501 cille—Clemens
997 4417 1081 4477 Alex.
1098 4418 1205 4480 Strom.
1219 4417 1256 4477 vi.
1276 4438 1301 4488 2,

202 4541 229 4600 p.
253 4525 329 4598 746:
351 4522 470 4596 Ὀρφέως
490 4524 518 4579 δέ
538 4521 699 4593 ποιήσαντος·
722 4520 817 4577 ’Ἔστιν
836 4519 905 4593 ὕδωρ
926 4522 1001 4594 ψυχῇ
1023 4521 1131 4578 θάνατος
1149 4518 1297 4592 <ψνχὴ>
