3252 5174
600 453 760 500 κςναυοτκ
775 475 816 486 -
833 455 863 499 υ.
1244 447 1282 501 77

183 627 216 682 δι’
231 628 266 682 ὧν
279 627 466 700 ἁμαρτάνουσιν
478 625 679 700 ἐλεγχθίησονται
693 630 734 683 καί
745 629 967 701 περιουσιάζοντες
988 629 1183 697 σκηνοβατῶσιν
1202 629 1285 683 αὑτῶν

183 725 229 796 τὴν
248 725 397 797 μοχθηρίαν
426 724 442 794 ἦ
462 723 485 780 δ
506 725 601 798 ἀπορία
620 727 808 798 παρακόλυμμᾶ
829 727 908 782 ἐστιν.
933 725 967 796 μὴ
988 723 1103 782 ἐπιλίποι
1122 727 1187 797 ὑμᾶς
1207 725 1283 798 τύχη,

182 821 225 878 ’ίνα
245 822 402 892 όνειδίζηοθε
421 827 622 896 πονηρευόμενοι.
645 821 715 878 οὗτοι
735 825 782 893 μέν
801 827 951 896 χαιρόντων,
969 824 1005 877 σύ
1026 823 1057 879 δέ
1073 846 1117 894 μοι
1138 823 1219 894 δήλου
1240 825 1285 879 τόν

184 923 270 993 καιρὸν
282 923 328 991 τῆς
343 921 441 990 ἐξόδου.
463 922 564 978 πάντως
580 921 695 993 ἐντυχεῖν
711 944 756 977 σοι
774 921 903 992 βούλομαι
923 922 963 975 καί
983 921 1043 993 περί
1062 943 1091 976 τε
1110 920 1200 976 ἄλλων
1218 924 1284 977 πάνυ

155 1023 288 1090 5συχνῶν
307 1020 349 1074 καί
368 1020 427 1093 περὶ
448 1020 600 1075 αὐτῶντῶν
620 1021 701 1090 νόμων
720 1020 821 1093 βραχέα
842 1019 928 1075 είπεῖν.
951 1020 1068 1092 ἔγραφον
1088 1018 1110 1074 δ’
1125 1019 1156 1073 δν
1176 1021 1247 1089 αὐτό,
1262 1020 1286 1074 εί

182 1117 217 1187 μὴ
241 1117 300 1190 περί
322 1119 417 1175 παντὸς
437 1115 574 1188 ἐποιούμην
593 1118 724 1191 ἀπόρρητα
743 1121 832 1188 μεῖναι.
867 1117 941 1172 οὐδὲν
961 1117 989 1172 δέ
1010 1113 1078 1172 ούτω
1102 1120 1230 1173 σιωπᾶται
1250 1119 1284 1175 ὣς

184 1215 220 1270 ἐνί
233 1218 322 1269 λαλῶν
335 1211 378 1280 εἶς,
393 1215 434 1270 καί
447 1217 486 1270 ἐτι
502 1217 602 1285 μᾶλλον
614 1215 781 1289 Ἡράκλειτος
792 1214 955 1289 Ἐρμοδῶρῳ.
976 1217 1072 1270 πολλοί
1085 1217 1116 1269 ού
1130 1215 1285 1288 διαφέρουσι

184 1312 308 1386 κεραμίων
335 1313 446 1386 σαθρῶν,
475 1315 510 1370 ὣς
535 1313 614 1383 μηδὲν
641 1314 743 1387 στέγειν
770 1311 902 1383 δύνασθαι,
930 1311 989 1368 ἀλλ’
1018 1313 1068 1368 ὑπὸ
1096 1314 1285 1388 γλωσσαλγίας

183 1413 302 1485 διαρρεῖν.
342 1411 470 1482 Ἀθηναῖοι
489 1410 560 1470 ὄντες
577 1412 731 1484 αὐτόχθονες
751 1413 867 1485 ἔγνωσαν
887 1409 970 1483 φύσιν
990 1410 1136 1484 ἀνθρώπων,
1151 1411 1192 1466 ὅτι
1211 1415 1285 1485 γενό-

140 1523 171 1559 10
183 1533 254 1582 μενοι
268 1511 295 1566 ἐκ
307 1514 355 1584 γῆς
368 1510 425 1566 ἔσθ’
439 1509 481 1566 ὅτε
496 1511 651 1584 διερρωγότα
667 1511 759 1582 ἔχουσι
778 1513 845 1565 νοῦν.
867 1507 972 1566 τούτους
992 1509 1146 1565 ἐπαίδευσαν
1166 1511 1285 1583 φυλακὴν

183 1607 334 1682 ἀπορρήτων
357 1608 399 1663 διδ
422 1609 577 1681 μυστηρίων,
598 1606 639 1664 ῖνο
661 1631 716 1665 πως
739 1610 818 1682 φόβιρ
844 1613 961 1680 σιγῶσιν,
989 1605 1048 1661 ἀλλ’
1070 1608 1101 1661 ού
1129 1607 1221 1680 κρίσει,
1243 1611 1284 1663 καί

183 1707 271 1777 μηκέτι
283 1709 399 1780 χαλεπὸν
411 1703 428 1776 ᾖ
442 1709 471 1762 τό
484 1709 624 1777 μελετῆσαι
637 1710 669 1776 τῇ
683 1707 758 1778 ψυχῇ
772 1708 881 1761 σιωπᾶν.

703 1897 762 1957 ΙΧ.

224 2039 266 2111 Τῷ
290 2037 365 2111 αὐτῷ.
402 2034 481 2108 Ἀχρι
503 2034 578 2105 τίνος,
599 2034 755 2107 Ἐρμόδωρε,
776 2033 847 2087 κακοὶ
867 2033 970 2087 ἔσονται
990 2032 1119 2104 ἅνθρωποι
1139 2035 1180 2089 καὶ
1201 2035 1285 2090 ούκέτι

184 2130 220 2191 εἶς
241 2132 349 2191 ἕκαστος
371 2133 429 2204 ίδίᾳ,
453 2133 521 2188 ἀλλά
542 2133 583 2188 καί
603 2136 672 2201 κοινῇ
692 2133 781 2187 πόλεις
802 2130 878 2195 ὅλαις
907 2129 1030 2202 Ἐφέσιοί
1050 2153 1082 2186 σε
1104 2130 1202 2203 ἀνδρῶν
1223 2130 1284 2186 ὄντα

139 2248 170 2299 15
183 2232 291 2305 όριστον
312 2230 471 2288 ἐλαύνουσιν,
507 2231 563 2286 ἀντί
590 2231 658 2286 τίνος
678 2230 694 2300 ἦ
716 2229 756 2285 ὅτι
780 2231 871 2299 νόμους
894 2229 1006 2301 γράφεις
1028 2231 1082 2285 τοῖς
1105 2229 1284 2302 ἀπελευθέροις

183 2330 359 2386 ίσοπολιτείας
378 2331 420 2384 καί
440 2333 492 2386 τοῖς
513 2327 610 2384 τούτων
632 2329 727 2384 τέκνοις
749 2327 893 2396 ίσοτιμίαςτ
922 2328 1003 2382 καίτοι
1023 2349 1054 2400 γε
1077 2328 1092 2380 ὁ
1112 2326 1159 2397 μὲν
1177 2325 1286 2400 γνίησιος

183 2428 291 2498 πολίτης
314 2428 344 2482 ού
368 2427 462 2500 κριθείς
482 2426 577 2500 ἀγαθὸς
597 2427 701 2500 γίνεται,
727 2425 795 2480 ἀλλά
817 2424 945 2496 γεννηθείς
967 2424 1139 2498 ἀναγκόζεται,
1163 2426 1202 2479 καί
1231 2424 1284 2480 οὐδ’

183 2567 192 2585 .
215 2568 222 2582 .
244 2568 251 2583 .
276 2568 282 2583 .
305 2525 336 2596 ἦν
355 2525 512 2598 ἀναγκασθῇ,
525 2524 650 2582 πολλάκις
670 2525 745 2581 κακός
760 2525 862 2594 ἔμεινεν,
877 2519 902 2578 οί
922 2523 950 2577 δέ
971 2523 1166 2593 δοκιμασθέντες
1182 2522 1284 2591 ἀξιοῦν-

183 2648 225 2680 ται
244 2628 291 2679 τοῦ
311 2622 498 2694 πολιτεύματος
518 2620 724 2696 μαρτυρήσαντες
742 2623 793 2696 βίῳ
814 2623 844 2676 τὸ
865 2622 988 2692 ίσότιμον,
1009 2623 1085 2697 πόσῳ
1106 2623 1242 2695 κρείττους,
1260 2624 1285 2676 οί

138 2739 171 2776 το
183 2723 216 2779 δι’
237 2722 328 2796 ἀρετῆς
348 2723 553 2796 ἐγγραφόμενοις
581 2721 770 2791 Λακεδαιμόνιοι
792 2720 820 2774 δέ
840 2719 896 2789 μετ’
916 2720 1005 2774 ἄλλων
1025 2722 1066 2775 καί
1086 2725 1162 2776 τοῦτο
1183 2718 1284 2793 ἀγαθοί,

183 2823 213 2877 ού
226 2823 375 2895 γράμμασιν
388 2817 577 2876 ἀποδεικνύντες
595 2820 761 2890 Σπαρτιάτας,
776 2815 835 2871 ἀλλ’
849 2817 945 2892 ἀγωγῇ·
968 2818 1014 2873 κᾶν
1027 2818 1111 2874 ἐλθών
1130 2841 1168 2876 τις
1189 2817 1285 2888 Σκύθης

182 2919 198 2990 ἢ
212 2920 359 2994 Τριβαλλός
372 2917 387 2988 ἢ
401 2920 555 2991 Παφλαγὼν
567 2917 583 2988 η
596 2917 674 2987 μηδὲν
688 2918 755 2987 ἔχων
776 2916 854 2986 ὄνομα
873 2918 961 2989 χώρης
981 2907 1082 2987 ύπύστῇ
1103 2916 1150 2986 τὴν
1169 2915 1283 2989 Λυκούρ-

182 3040 253 3092 γειον
281 3016 485 3090 σκληραγωγίον,
511 3015 599 3072 Λόκων
626 3015 706 3085 ἐστίν,
730 3017 798 3070 ὥστε
821 3014 929 3072 ἕκαστος
951 3019 1003 3070 τῶν
1028 3014 1229 3071 πολιτευθέντων
1257 3015 1285 3069 ἐν

183 3120 264 3192 ἐαυτῷ
283 3117 371 3188 φέρων
391 3115 437 3185 τὴν
456 3115 565 3187 πατρίδα
584 3114 694 3186 ἔρχεται,
709 3113 795 3181 πόσης
815 3113 843 3167 δέ
863 3114 964 3170 πόλεως
984 3111 1124 3186 φνγαδεύει
1145 3113 1225 3182 κακία,
1240 3112 1285 3167 κᾶν

138 3229 169 3280 ²5
183 3216 211 3270 ἐν
228 3216 320 3286 μέσαις
340 3217 396 3271 τοῖς
416 3211 525 3282 στήλαις
544 3234 583 3269 τις
603 3211 667 3282 οἰκῇ.
688 3211 747 3265 οὐδὲ
760 3209 886 3280 Ἐφέσιον
906 3205 969 3265 είναί
989 3232 1046 3265 τινα
1066 3208 1192 3281 πείθομαι,
1207 3211 1230 3264 εί
1249 3212 1284 3281 μὴ

183 3316 218 3372 ὣς
238 3311 300 3368 κύνα
318 3309 445 3383 Ἐφέσιον
464 3309 480 3381 ἢ
500 3313 573 3376 βοῦν,
594 3308 656 3382 ἀνὴρ
678 3308 706 3363 δὲ
725 3306 859 3381 Ἐφέσιος,
881 3307 903 3362 εί
923 3306 1025 3380 ἀγαθός,
1048 3307 1147 3379 κόσμου
1168 3308 1284 3375 πολίτης.

183 3416 259 3467 τοῦτο
279 3411 330 3485 γὰρ
350 3410 432 3465 κοινδν
451 3410 553 3464 πόντων
572 3408 630 3463 ἐστί
649 3407 751 3480 χωρίον,
766 3408 795 3461 ἐν
811 3401 921 3481 ᾦνόμος
941 3406 1014 3461 ἐστὶν
1034 3407 1064 3461 ού
1084 3406 1199 3479 γράμμα,
1214 3405 1284 3460 ἀλλὰ

183 3511 249 3581 θεός,
273 3511 314 3565 καί
335 3512 350 3563 ὀ
370 3508 535 3581 παραβαίνων
555 3506 573 3559 ό
594 3506 645 3578 χρὴ
673 3503 808 3574 ἀσεβησει·
843 3506 943 3574 μᾶλλον
964 3503 993 3558 δέ
1014 3503 1074 3558 οὐδὲ
1094 3502 1283 3577 παραβήσεται,

184 3609 207 3664 εί
233 3609 352 3682 παραβὰς
379 3607 409 3661 ού
434 3604 551 3676 λήσεται.
583 3603 681 3659 πολλαί
708 3600 778 3671 δίκης
800 3598 922 3674 Ἐρινύες,
947 3602 1131 3674 όμαρτημάτων
1157 3599 1280 3674 φύλακες.

139 3705 307 3770 3οἯσίοδος
327 3703 461 3779 ἐψεύσατο
481 3707 550 3777 τρεῖς
568 3701 691 3775 μυριόδας
712 3700 797 3756 είπῶν·
818 3699 904 3772 ὀλίγαι
924 3699 999 3769 είσίν,
1019 3700 1064 3755 ούκ
1084 3699 1192 3770 ἀρκοῦσι
1213 3697 1285 3770 κακία

183 3809 292 3877 κόσμου·
313 3801 383 3860 πολύ
396 3803 453 3858 ἐστι
466 3800 579 3873 πονηρία.
602 3796 659 3869 ἐμοί
672 3798 700 3852 δέ
718 3800 822 3853 πολῖται
843 3797 905 3868 θεοί,
920 3797 988 3854 θεοῖς
1008 3797 1128 3865 ξυνοικῶν
1149 3794 1181 3850 δι’
1194 3795 1286 3868 ἀρετῆς

184 3900 241 3960 οίδα
260 3903 334 3974 η’λιον
354 3903 452 3957 ὁπόσος
472 3897 537 3963 ἐστί,
551 3897 658 3970 πονηροί
677 3897 707 3951 δέ
726 3893 779 3950 οὔδ’
793 3893 833 3950 ὅτι
854 3896 927 3951 είσίν.
948 3894 964 3965 δ
985 3893 1149 3966 αἰσχύνονται
1161 3892 1286 3966 Ἐφέσιοι

79 4198 85 4202 .
219 4147 440 4213 τίλεγχθίησοντοι
457 4146 510 4196 eod„
529 4146 614 4195 Mu:
638 4142 838 4208 ἐλεγχθήσονται
855 4145 941 4209 vulg.:
960 4141 1114 4208 ίλέγχωνται
1132 4142 1284 4192 Ραοίατίόοι

183 4230 216 4278 αἱ)
226 4227 357 4278 Herehero
368 4227 411 4277 cit.
424 4227 460 4288 (τ.
473 4229 558 4274 tamen
569 4224 600 4273 E.
614 4223 648 4272 A.
659 4223 793 4287 Sophocles
803 4223 866 4273 Lex.
877 4223 922 4272 Gr.
935 4238 954 4271 ι.
965 4238 990 4271 v.
1001 4221 1052 4285 ίνα)
1091 4226 1101 4281 ΙΙ
1146 4234 1174 4269 11
1187 4218 1227 4268 ίνο
1238 4237 1284 4268 τις

183 4307 222 4356 B:
239 4306 268 4354 ίν’
280 4305 310 4354 ὢν
320 4305 364 4354 W.
375 4303 444 4367 vulg.
481 4308 491 4362 ΙΙ
536 4313 565 4364 15
577 4299 658 4362 νόμοις
669 4301 709 4349 B:
727 4298 820 4349 δούλοιν
831 4301 866 4348 W
908 4305 918 4360 ΙΙ
962 4297 1093 4363 ὲλευθίμοις
1104 4298 1174 4362 vulg.
1185 4299 1283 4347 comB

185 4390 196 4445 ss
212 4383 242 4433 16
254 4379 418 4432 ίσοτολιτείαν
428 4381 487 4429 WB
504 4385 515 4440 η
536 4375 657 4439 ίσοτιτίαν
668 4379 725 4427 WB
743 4383 753 4437 n
778 4388 807 4441 17
819 4376 858 4426 καί
870 4377 939 4426 οὐδὲν
954 4375 1039 4440 ἧττον,
1050 4375 1095 4427 κδε
1105 4376 1248 4441 ἀναγκασθῇ
1261 4377 1284 4425 Β

185 4463 241 4524 1118
261 4458 285 4510 οῖ
301 4458 452 4510 Βοίαοοααόο
473 4459 511 4507 B:
538 4457 613 4506 olW
648 4460 658 4516 ΙΙ
703 4470 734 4504 20
752 4455 838 4521 όρετῆι
854 4455 907 4504 οοό.
925 4455 982 4505 Par.
1003 4455 1082 4518 1760:
1108 4453 1196 4520 ἀρετὴν
1215 4454 1282 4518 vulg.

186 4545 196 4600 ΙΙ
211 4553 241 4588 τι
253 4536 331 4602 χώρην
343 4537 467 4589 οοό.Ροτ.
482 4534 563 4598 1760:
581 4531 660 4598 χόιμαι
670 4533 738 4597 vulg.
