3252 5174
330 432 387 496 viii
787 447 969 493 rasurasro.

331 620 537 681 recentioribus
551 620 670 699 Ephesii
688 619 905 698 cognominibus
926 637 985 678 esse
1004 616 1239 694 intellegendum,
1254 621 1306 676 aut
1319 614 1428 678 Herac-

332 720 421 780 lidem
441 720 556 779 aliudve
574 719 715 779 eiusmodi
733 737 837 776 nomen
862 736 922 776 esse
942 716 1139 794 reponendum
1147 717 1166 776 ⁶.
1208 715 1274 788 Qua
1293 716 1330 774 de
1351 737 1382 775 re
1399 721 1429 775 et

331 837 384 895 per
404 838 434 878 se
458 818 600 895 probabili
625 822 654 876 et
677 817 728 875 diu
752 816 830 875 inter
854 816 953 874 doctos
976 815 1104 873 confessa
1128 814 1195 872 nolo
1217 815 1305 874 verba
1327 814 1427 886 facere,

332 921 363 974 et
384 917 516 992 exempla
535 915 577 973 rei
597 916 738 992 quaedam
757 913 851 972 adtuli
871 914 909 972 ad
929 914 964 971 fr.
986 911 1212 971 cxxxviii:
1241 912 1309 971 licet
1330 916 1429 970 tamen

331 1013 478 1089 paulisper
487 1012 519 1070 in
532 1013 659 1072 hocloco
672 1012 822 1070 immorari
836 1011 907 1072 dum
922 1031 955 1069 ea
964 1010 1117 1070 defendam
1128 1030 1201 1087 quae
1216 1010 1253 1068 ad
1263 1010 1299 1068 fr.
1311 1009 1427 1070 CXIX.

331 1109 447 1169 brevius
461 1111 536 1169 iusto
549 1111 621 1183 dixi,
637 1111 745 1169 scilicet
759 1130 826 1168 cum
840 1108 1099 1168 Schleiermachero
1115 1108 1257 1166 Lassallio
1272 1106 1429 1166 Schustero

330 1207 504 1268 dissentiens
531 1209 568 1268 de
595 1208 683 1268 citato
711 1208 789 1285 apud
816 1208 1005 1266 Eustathinm
1031 1211 1062 1264 et
1089 1205 1184 1264 Schol.
1209 1206 1281 1264 Veu.
1310 1203 1364 1284 (A)
1391 1206 1429 1263 ad

330 1304 368 1366 Il.
382 1306 462 1365 xviii.
480 1321 534 1381 251
552 1312 675 1366 auctore.
718 1305 783 1364 Etsi
800 1326 859 1364 non
878 1305 986 1365 infitias
1006 1323 1040 1363 eo
1056 1304 1186 1381 potuisse
1199 1302 1384 1363 Heraclitum
1398 1303 1429 1360 in

331 1409 431 1480 poetas
444 1404 576 1482 iniquum
596 1405 720 1464 iudicem
735 1404 968 1481 superstitionem
982 1404 1155 1479 exprobrare
1169 1401 1308 1474 Homero,
1323 1421 1369 1460 res
1383 1421 1430 1460 me

331 1502 423 1578 magis
443 1507 541 1561 movet
560 1522 593 1561 ac
614 1502 655 1561 nei
676 1503 769 1560 forma
789 1508 824 1560 ut
844 1521 911 1560 eum
931 1501 1065 1560 Fabricio
1085 1499 1173 1579 (Bibl.
1190 1500 1241 1560 Gr.
1256 1506 1278 1562 t.
1293 1499 1311 1558 i,
1326 1520 1354 1575 p.
1372 1519 1429 1575 194

331 1595 428 1676 Harl.)
443 1605 473 1658 et
485 1599 598 1659 Zellero
613 1600 704 1659 alium
716 1600 813 1659 nescio
824 1619 911 1676 quem
922 1599 1087 1657 existimem
1100 1618 1117 1656 a
1131 1598 1285 1657 scholiasta
1298 1597 1429 1658 iudicari.

330 1695 410 1754 Nam
433 1696 471 1754 ad
493 1696 681 1756 Homericum
706 1698 779 1757 illud
803 1698 839 1756 de
860 1697 1025 1774 Polydama,
1049 1696 1184 1755 Hectoris
1206 1697 1279 1755 adeo
1300 1695 1430 1754 moribus

329 1793 472 1867 dissimili,
483 1797 586 1870 Ἕκτορι
604 1799 627 1852 δ’
645 1797 688 1868 ἦεν
701 1799 800 1870 ε’τοῖρος
814 1800 838 1867 ἰῇ
853 1797 877 1852 δ’
893 1799 920 1853 έν
933 1800 1003 1853 νυκτὶ
1015 1797 1128 1870 γένοντο,
1144 1795 1217 1854 hane
1236 1793 1320 1853 nobis
1338 1795 1428 1852 inter·

329 1909 396 1966 pres
409 1892 538 1952 Venetus
553 1894 661 1953 excitat
673 1895 847 1972 argutiolam
858 1913 907 1953 :-
1278 1903 1285 1910 '

370 1999 424 2050 πῶς
438 1995 465 2048 έν
477 2000 523 2066 μιᾷ
536 1997 605 2050 νυκτὶ
624 1998 754 2068 γενόμενοι
768 2000 892 2051 τοσοῦτον
906 1994 1028 2065 ἀλλήλων
1040 1993 1193 2067 διαφέρουσι
1207 1997 1252 2064 τῆς
1270 1990 1429 2064 συμπαθείας

329 2096 380 2147 τῶν
400 2093 522 2165 οὐρανίων
542 2096 635 2165 ὁμοίως
654 2097 719 2167 πρὸς
739 2095 901 2167 ἀμφοτέρους
922 2093 1050 2166 ἐχούσαις
1081 2094 1152 2148 ἔστιν
1172 2092 1217 2148 οὖν
1240 2093 1353 2165 διαφορὰ
1375 2094 1428 2147 ταῖς

329 2189 492 2261 γεννωμένοις
513 2193 558 2246 οὐκ
582 2194 609 2247 ἐν
632 2192 703 2248 νυκτὶ
726 2195 803 2262 μόνον
822 2193 891 2246 ἀλλὰ
914 2195 955 2246 καὶ
979 2191 1042 2246 rard
1065 2191 1111 2260 τὴν
1130 2194 1175 2261 τῆς
1199 2193 1265 2263 ὧρας
1287 2190 1427 2263 ἀκρίβειαν.

328 2287 496 2360 Ἡράκλειτος
522 2291 638 2345 ε’ντεῦθεν
660 2290 823 2362 ἀστρολόγον
846 2292 915 2362 φησὶ
941 2292 987 2345 τὸν
1009 2288 1133 2361 Ὅμηρον,
1162 2291 1202 2344 καὶ
1229 2288 1257 2343 έν
1284 2285 1323 2345 οἷς
1350 2291 1426 2361 φησι·

329 2389 441 2458 μοῖραν
464 2385 487 2440 δ’
511 2389 629 2443 οὔτινά
653 2390 731 2459 φημι
751 2389 951 2460 πεφυγμένον
975 2390 1104 2458 ἔμμεναι
1127 2389 1256 2460 ἀνδρῶν,
1280 2388 1315 2441 οὔ
1338 2388 1429 2441 κακὸν

329 2485 397 2540 οὐδὲ
418 2485 474 2558 μέν
494 2485 620 2554 ἐσθλόν,
642 2486 720 2555 ε’πὴν
740 2487 776 2539 τά
795 2491 902 2556 πρῶτα
921 2487 1054 2555 γένηται.

269 2639 273 2646 ,
370 2580 488 2640 Horum
511 2580 593 2656 quasi
618 2580 804 2657 appendicem
826 2580 914 2639 habes
936 2582 966 2638 in
988 2581 1096 2640 scholio
1120 2581 1158 2639 ad
1178 2581 1285 2640 alteros
1306 2579 1429 2639 Homeri

329 2677 433 2737 citatos
446 2697 546 2737 versus
561 2677 609 2757 (Il.
624 2677 663 2738 vi.
679 2676 760 2754 488),
775 2677 828 2736 ubi
846 2677 946 2736 eadem
965 2677 1072 2736 chorda
1093 2678 1210 2737 oberrat
1228 2677 1370 2754 interpres
1379 2697 1428 2736 2-

329 2878 397 2948 ὦραν
410 2875 537 2948 περιέχειν
547 2877 579 2930 τὰ
592 2875 789 2944 ἀποτελέσματα
801 2873 899 2947 λέγει’.
942 2873 1028 2932 Unde
1045 2872 1115 2932 satis
1128 2878 1209 2951 patei
1223 2873 1394 2950 scriptorem
1409 2893 1427 2931 a

328 2971 483 3030 scholiasta
503 2978 679 3048 excerptum,
695 2971 825 3048 quisquis
845 2971 911 3037 fuit,
930 2973 1092 3046 ἀστρολόγον
1105 2991 1206 3030 vocem
1225 2991 1310 3030 sensu
1329 2990 1427 3030 recen-

328 3069 403 3128 tiore
424 3089 585 3146 usmpasse‚
608 3068 828 3127 mathematicas
848 3073 924 3127 artes
945 3069 1066 3141 novisse,
1082 3069 1246 3128 Homerum
1266 3069 1426 3127 mathema·

328 3167 421 3226 ticum
435 3168 508 3226 velle
521 3168 754 3244 laudare-quae
768 3166 866 3225 omnia
879 3187 896 3225 a
910 3167 1041 3226 saeculo⁸
1054 3173 1085 3225 et
1104 3167 1202 3226 indole
1222 3168 1386 3239 abhorrent,
1402 3167 1428 3226 si

330 3265 402 3343 quid
423 3265 517 3339 video,
539 3265 684 3325 Heracliti
704 3265 805 3323 nostri.
847 3266 961 3326 Verum
982 3272 1016 3324 ut
1036 3271 1080 3324 est
1100 3286 1117 3324 a
1137 3270 1235 3325 nostro
1256 3265 1349 3325 aliena
1371 3265 1427 3324 ista

327 3363 451 3423 Homeri
479 3364 608 3423 laudatio
636 3363 678 3422 ita
703 3362 813 3439 optime
837 3363 869 3421 in
896 3363 1120 3441 grammaticum
1148 3365 1272 3441 quadrat
1300 3363 1427 3424 Cratetis

361 3606 371 3635 ⁶
388 3607 453 3656 Rem
464 3611 621 3671 agnoverunt
632 3606 738 3669 plurimi,
752 3622 798 3671 eg.
807 3606 977 3670 Hieronymus
989 3606 1147 3656 Mercurialis
1156 3607 1191 3654 V.
1203 3607 1232 3655 L.
1239 3606 1273 3655 ir.
1286 3618 1323 3669 14,
1337 3607 1427 3656 Oasau·

328 3685 409 3733 bonus
420 3685 453 3733 ad
461 3685 535 3748 Diog.
546 3686 631 3734 Laert.
643 3684 695 3733 viii.
708 3683 747 3744 61,
758 3685 888 3733 Fabricius
900 3685 965 3734 Bibl.
977 3685 1066 3734 Graec.
1078 3689 1098 3733 t.
1109 3685 1126 3732 i.
1137 3702 1162 3749 p.
1173 3698 1220 3748 194
1230 3702 1256 3732 n.
1267 3701 1283 3749 ρ
1294 3686 1333 3734 ed.
1346 3685 1427 3741 Harl„

329 3762 430 3812 Bestius
447 3763 479 3811 ad
496 3763 599 3826 Gregor.
617 3762 729 3810 Corinth.
746 3779 771 3825 p.
784 3762 839 3822 881,
853 3763 883 3810 Ε.
895 3763 1010 3812 Deswert
1027 3763 1058 3811 de
1075 3763 1209 3811 Heraclide
1227 3763 1330 3811 Pontico
1347 3779 1371 3826 p.
1387 3763 1426 3818 81,

328 3840 351 3890 Ι.
363 3839 394 3889 Ε.
405 3841 437 3888 G.
448 3840 544 3889 Roulez
562 3841 594 3888 de
605 3840 667 3888 Vita
682 3843 708 3887 et
725 3841 822 3904 scriptis
838 3840 990 3889 Heraclidae
1007 3840 1107 3888 Pontici
1120 3840 1220 3904 passim,
1230 3841 1265 3888 A.
1277 3839 1309 3888 B.
1320 3839 1427 3888 Krische

329 3919 509 3983 Forschungen
525 3924 544 3968 t.
556 3919 573 3969 i.
589 3936 614 3982 p.
630 3928 685 3981 317,
699 3918 850 3982 Bernaysius
867 3919 991 3968 Heraclii.
1006 3923 1071 3982 part.
1084 3918 1100 3967 i.
1112 3934 1136 3981 p.
1150 3929 1189 3979 νγ.
1222 3917 1299 3967 Unde
1313 3919 1342 3966 fit
1357 3922 1386 3966 ut
1402 3921 1428 3964 et

328 3996 359 4046 fr.
378 3997 439 4046 XV.
456 3997 628 4046 Herodoteum
647 4011 700 4045 esse
721 3997 870 4044 crediderint
888 3995 963 4044 multi
985 3996 1058 4059 (quos
1078 3995 1144 4044 inter
1161 3995 1341 4058 Wesselingius
1361 3995 1428 4043 Diss.

329 4075 451 4126 Herodot.
462 4093 483 4127 c.
497 4090 519 4138 3.
530 4091 559 4123 ac
570 4075 597 4123 G.
609 4074 639 4122 F.
653 4075 782 4123 Hermann
795 4074 827 4122 ad
843 4074 946 4122 Lucian.
958 4073 1087 4132 Quomodo
1103 4073 1162 4123 hist.
1179 4073 1299 4123 conscrib.
1317 4091 1342 4136 p.
1356 4074 1428 4135 184);

329 4158 355 4203 et
372 4155 402 4203 fr.
419 4155 504 4204 LXX.
522 4153 671 4216 allegeretaa
689 4152 732 4201 isti
749 4153 878 4201 Heraclito
895 4153 996 4201 Mehler
1014 4153 1057 4215 (ad
1071 4153 1155 4216 Alleg.
1173 4152 1300 4200 Homeric.
1317 4167 1342 4214 p.
1359 4151 1385 4198 ix
1402 4154 1428 4199 et

329 4247 354 4295 p.
369 4234 427 4294 101)
439 4232 578 4281 addixerit:
596 4247 705 4280 errorem
717 4231 827 4279 Mehleri
838 4230 898 4279 satis
909 4247 949 4279 me
966 4232 1048 4280 iudice
1060 4232 1184 4280 Ionismus
1196 4231 1222 4278 in
1233 4228 1303 4292 ξυνόν
1315 4234 1427 4277 servatus

329 4309 430 4358 refellit.

361 4386 370 4415 l
387 4385 456 4436 Cous.
468 4386 549 4437 Schol.
559 4387 626 4435 Van.
640 4386 688 4448 (A)
701 4386 805 4437 adili.
818 4385 881 4436 606:
899 4385 989 4450 πρῶτοι
1007 4384 1145 4449 δὲ”Ομηροε
1161 4383 1272 4449 ἀφορμὴν
1288 4383 1361 4434 ἔδωκε
1378 4384 1428 4433 reia

327 4462 375 4513 ἀπὸ
386 4465 435 4514 τῶν
445 4460 591 4527 μαθημάτων
603 4463 700 4526 elmete
713 4463 816 4513 laceror
827 4463 875 4512 τῶν
886 4463 945 4513 θεῶν
956 4463 1017 4514 ἴδιον
1028 4461 1094 4513 οἶκον
1105 4463 1179 4525 ἔχειν.

361 4543 371 4573 ⁸
387 4543 448 4593 Vid.
460 4543 560 4592 Lobeck
571 4543 737 4606 Aglaopham.
749 4559 774 4605 p.
785 4556 841 4606 410.
