3252 5174
634 427 714 474 ΠΕΡΙ
735 425 870 474 osanna.

705 620 810 685 LXX.

205 741 306 819 Ξυνόν
323 744 479 843 ἀρχὴκαὶ
498 744 609 843 πέρας.

693 858 816 925 LXXI.

206 981 319 1077 Ψυχῆς
336 981 479 1077 πείρατα
497 980 552 1051 ούκ
568 977 608 1051 (iv
625 979 768 1079 ἐξεύροιο
786 983 899 1052 πᾶσαν
916 978 1184 1078 ἐπιπορευόμενος
1202 978 1288 1051 ὁδόν.

687 1169 831 1236 LXXII.

208 1293 343 1387 Ψυχῇσι
360 1287 486 1389 τέρψις
502 1292 622 1389 ύγρῇσι
641 1293 805 1385 γενέσθαι.

677 1483 839 1547 LXXIII.

201 1601 299 1700 Ἀνῆρ
325 1604 416 1677 ὁκύτ’
438 1603 479 1677 eiu
501 1608 656 1701 μεθυσθῇ,
680 1605 800 1699 ἄγεται
826 1604 890 1678 ύπό
912 1604 1028 1682 παιθός
1046 1606 1169 1694 ἇνῆβου
1194 1613 1311 1704 σφαλ-

209 1721 356 1800 λόμενος,
375 1719 430 1788 otiu
447 1716 565 1790 ἐποίουν
583 1719 640 1802 ὅκη
659 1721 775 1806 βαίνει,
794 1721 895 1816 ὑγρὴν
912 1719 971 1802 τὴν
989 1716 1104 1815 ψυχὴν
1121 1720 1213 1814 ἔχων.

252 1936 325 1978 nxx.
349 1919 528 1996 Porphyrius
548 1939 594 1996 ap.
616 1920 711 1980 Schol.
734 1921 766 1979 B.
785 1922 820 1979 Il.
840 1921 899 1981 xiv.
916 1941 984 1993 200,
999 1942 1026 1999 p.
1044 1941 1100 1998 392
1123 1922 1236 1981 Bekk.:
1266 1923 1312 1979 δύο

211 2020 262 2093 γὰρ
283 2020 364 2074 ὄντων
376 2023 494 2092 περάτων
506 2021 536 2074 τὸ
555 2021 603 2089 μέν
622 2021 696 2076 ε’στιν
713 2021 780 2094 ἆρχε)
801 2022 847 2094 ἀφ’
862 2021 901 2092 οὗ,
915 2023 946 2077 τὸ
960 2023 989 2076 δέ
1002 2023 1078 2079 τελος
1091 2023 1128 2079 είς
1141 2023 1164 2077 ὅ·
1192 2023 1313 2095 ἔστιγὰρ

212 2118 251 2174 ἐπ’
265 2120 350 2175 αὐτοῖς
367 2119 398 2174 τὸ
416 2119 495 2173 πόθεν
508 2121 562 2174 ποῖ·
589 2122 634 2188 τῆς
654 2119 683 2174 δέ
701 2119 763 2188 ὅλης
784 2125 830 2174 τοῦ
850 2119 943 2175 κύκλου
961 2121 1126 2193 περιφερείας
1146 2120 1229 2175 οὐκέτι
1246 2117 1311 2177 ε’στί.

212 2220 264 2272 πᾶν
283 2217 333 2289 γὰρ
352 2215 367 2270 ὃ
383 2216 415 2272 ἄν
429 2238 468 2273 τις
486 2215 608 2286 incantos,
627 2221 734 2287 σημεῖον
747 2217 813 2291 ἀρχή
828 2241 856 2273 τε
870 2220 911 2273 καὶ
924 2219 1010 2291 πέρας·
1039 2219 1115 2287 ξυνὸν
1127 2219 1177 2291 γὰρ
1191 2218 1257 2290 ἀρχὴ
1272 2219 1314 2272 καὶ

214 2315 294 2388 πέρας
307 2316 348 2370 ἐπὶ
362 2315 456 2371 κύκλου
469 2313 642 2388 περιφερείας,
653 2318 716 2370 κατὰ
729 2317 774 2371 τὸν
781 2313 1107 2390 Ἠρόκλειτον-Βθερία.
1118 2313 1185 2373 fort.
1197 2313 1312 2391 Hippo-

214 2415 308 2469 crates
328 2436 357 2470 π.
371 2417 456 2468 τόπον
474 2418 526 2469 τῶν
546 2415 599 2468 κατ’
621 2413 752 2486 ἄνθρωπον
769 2432 797 2486 1;
826 2436 855 2471 π.
871 2411 999 2483 διαίτηςί.
1020 2431 1054 2488 19
1066 2433 1075 2486 3
1103 2437 1132 2470 π.
1153 2415 1254 2486 τροφῆς
1275 2429 1313 2488 9;

215 2509 300 2568 Philo
314 2509 384 2587 Leg.
399 2510 482 2586 alleg.
497 2508 516 2570 i.
533 2529 560 2584 3,
573 2529 601 2586 p.
617 2530 655 2583 44
668 2529 677 2582 ;
698 2509 874 2570 Plutarchus
887 2511 923 2568 de
938 2511 982 2568 EI
998 2513 1025 2581 8,
1041 2530 1069 2586 p.
1086 2513 1155 2584 388.

256 2626 341 2666 nxn.
364 2608 507 2684 Diogenes
521 2608 657 2667 Laertius
671 2609 710 2666 ix.
728 2622 763 2684 7:
783 2612 856 2684 λέγει
869 2612 898 2666 δὲ
911 2613 960 2666 καί·
987 2613 1077 2682 Ψυχῆς
1094 2612 1202 2684 πείρατα
1220 2611 1266 2664 οὐκ
1285 2611 1316 2665 ἂν

216 2707 330 2778 ἐξεύροιο
343 2711 429 2764 πᾶσαν
447 2709 657 2781 ἐπιπορευόμενος
670 2710 737 2764 ὁδόν·
766 2708 832 2764 οὕτω
846 2709 1094 2782 βαθὺνλόγονὲχει,
1129 2707 1175 2777 τήν
1189 2731 1218 2763 τε
1232 2706 1317 2780 οἴησιν

216 2808 286 2881 ἱερὰν
300 2811 378 2862 νόσον
396 2803 532 2884 (Epicuri
548 2805 668 2864 fortasse
687 2805 844 2885 sententia)
863 2809 939 2881 ἔλεγε
953 2808 993 2862 καὶ
1007 2808 1053 2877 τὴν
1065 2807 1157 2879 ὅρασιν
1170 2806 1318 2879 ψεύδεσθαι

217 2902 304 2981 (conf.
316 2903 351 2962 fr.
362 2900 661 2981 IVl-Tertullianus
675 2903 711 2961 de
724 2901 836 2962 Anima
849 2924 864 2962 a
877 2923 883 2962 :
906 2908 989 2962 tanta
1003 2901 1162 2979 operositas
1176 2902 1318 2962 suadendi

217 3007 252 3060 ut
276 3000 381 3059 merito
407 3000 574 3060 Heraclitus
599 3001 648 3060 illo
672 3001 841 3060 tenebrosus
865 3001 1005 3060 vastiores
1029 3000 1166 3078 caligines
1188 3000 1318 3060 animad-

217 3105 334 3158 vemens
348 3099 426 3176 apud
436 3099 647 3158 examinatores
660 3099 772 3157 animae
782 3099 879 3158 taedio
893 3099 1095 3175 quaestionum
1105 3098 1317 3176 pronuntiarit:

218 3198 370 3257 Terminos
397 3196 510 3256 animae
538 3217 722 3275 nequaquam
750 3197 880 3256 invenies
906 3194 1069 3279 [ι’νιοειιίειιο
1096 3197 1140 3256 ed.
1164 3197 1316 3274 princeps:

219 3296 363 3354 invenisse
377 3290 470 3375 vulg]
492 3314 608 3353 omnem
627 3295 706 3354 viam
728 3294 1042 3372 ingrediendo-(lons.
1059 3295 1241 3371 Hippolytus
1255 3295 1319 3355 Rel.

219 3392 297 3451 haer.
312 3413 338 3451 v.
356 3405 391 3467 7:
423 3391 485 3450 εἶναι
506 3395 536 3450 δέ
554 3398 623 3468 φασι
637 3391 710 3473 (scil.
730 3391 884 3472 Naasseni)
903 3397 949 3464 τὴν
968 3396 1059 3467 ψυχὴν
1079 3392 1233 3466 δυσεύρετον
1252 3397 1319 3450 πάνυ

219 3495 260 3548 καὶ
274 3495 483 3562 δυσκατανόητον·
511 3494 541 3548 οὐ
559 3492 609 3567 γὰρ
630 3495 699 3565 μένει
717 3495 760 3550 ε’πὶ
780 3492 912 3565 σχήματος
933 3495 992 3548 οὐδέ
1012 3495 1116 3566 μορφῆς
1135 3495 1180 3562 τῆς
1199 3494 1318 3561 atriis*

220 3588 326 3649 Sextus
340 3588 456 3648 Enohir.
474 3592 532 3664 386
547 3609 552 3648 :
581 3589 694 3649 animae
711 3589 850 3668 sapientis
864 3588 1095 3668 magnitudinem
1108 3609 1166 3648 non
1181 3589 1317 3664 invenies,

220 3686 296 3746 sicut
310 3707 363 3746 nec
376 3687 422 3746 dci
436 3688 563 3764 quidem.

262 3787 362 3843 nx'xn.
383 3785 549 3845 Numenius
568 3806 615 3862 ap.
638 3786 778 3863 Porphyr.
800 3786 836 3845 de
856 3785 952 3845 Antro
972 3785 1091 3864 nymph.
1111 3805 1168 3846 10:
1198 3788 1258 3843 ὅθεν
1278 3785 1320 3843 καὶ

219 3884 389 3957 Ἠράκλειτον
417 3879 596 3964 [Ἡράκλειτος
623 3882 725 3965 vulg.]‚
752 3890 867 3958 Ψυχῇσι,
895 3889 983 3959 φάναι,
1011 3888 1114 3959 τέρψιν,
1141 3886 1176 3956 με)
1204 3884 1318 3954 alvaro,

221 3984 316 4055 ύγρῇσι
331 3982 461 4056 γενέσθω·
488 3983 583 4056 τέρψιν
596 3985 624 4039 δέ
638 3981 702 4040 εἶναι
720 3986 808 4042 αὐτοῖς
827 3985 873 4054 τὴν
891 3986 927 4042 εἶς
945 3986 992 4054 τὴν
1012 3984 1113 4056 γένεσιν
1129 3988 1237 4038 πτῶσιν.
1280 3983 1321 4037 καὶ

221 4082 340 4154 ἀλλαχοῦ
354 4083 382 4138 δέ
396 4084 485 4154 φάναι·
513 4086 564 4152 Ζῆν
577 4083 641 4153 ἡμᾶς
654 4086 698 4139 τὸν
712 4085 812 4140 ἐκείνων
825 4084 941 4153 θάνατον,
955 4085 997 4138 καὶ
1011 4086 1055 4153 (ἦν
1067 4084 1162 4138 ἐκείνας
1174 4083 1219 4136 τὸν
1232 4081 1320 4151 ἡμέτε-

220 4202 267 4252 ρον
280 4175 489 4256 θάνατον’(εἷν.
506 4178 646 4260 LXVII).

224 4301 227 4310 ¹
261 4293 372 4336 nxxm.
402 4276 542 4336 Stobaeus
564 4277 663 4338 Floril.
683 4277 940 4355 v.120-Respic.
962 4277 1029 4336 fort.
1045 4276 1085 4336 M.
1099 4273 1267 4336 Antoninus
1280 4276 1320 4336 iv.

224 4377 279 4447 46:
300 4376 443 4448 μεμνῆσθαι
456 4378 484 4432 δέ
498 4379 598 4433 καὶτοῦ
612 4378 840 4448 ε’πιλανθανομένου
854 4374 870 4446 ἧ
885 4379 899 4447 ἡ
914 4378 974 4434 ὁδὸς
987 4377 1051 4450 ἄγει.

256 4536 329 4574 axin.
348 4541 373 4574 v.
384 4526 503 4590 Append.
516 4527 537 4574 I.
