3252 5174
595 490 674 537 ΠΕΡΙ
696 489 830 538 mma
924 515 928 524 ·

649 735 809 800 XXXVI.

174 879 221 948 ‘O
240 879 311 956 θεὸς
332 881 431 976 ἡμέρη
448 882 599 979 εὐφρόνη,
617 885 737 978 χειμών
755 883 859 980 θέρος,
877 883 1024 965 πόλεμος
1048 884 1164 977 εἰρήνη,
1183 881 1279 978 κόρος

174 996 283 1078 λιμός·
311 996 505 1069 ἀλλοιοῦται
528 996 562 1069 δὲ
584 998 733 1093 ὅκωσπερ
755 999 875 1069 ὁκόταν
898 1004 1048 1092 συμμιγῇ
1076 1025 1103 1073 <
1116 997 1265 1081 θάωμα>

174 1109 332 1191 θυώμασι·
359 1106 556 1209 ὀνομάζεται
575 1114 646 1181 καθ’
668 1109 778 1192 ἡδονὴν
796 1107 948 1183 ἑκάστου.

637 1279 817 1346 XXXVII.

215 1423 405 1488 Aristoteles
421 1427 459 1490 de
476 1427 577 1490 Sensu
594 1439 626 1510 5,
641 1449 672 1510 p.
688 1445 753 1511 443
768 1449 788 1489 α
801 1445 838 1492 21
855 1451 862 1488 ι
886 1431 969 1489 δοκεῖ
980 1425 1007 1488 δ’
1021 1426 1110 1492 ἐνίοις
1123 1426 1142 1504 ἡ
1158 1427 1274 1489 καπνό-

172 1531 224 1605 δης
246 1527 441 1607 ἀναθυμίασις
467 1527 541 1593 εἶναι
569 1529 657 1609 ὀσμή,
681 1530 756 1593 οδσα
782 1527 864 1607 κοινὴ
886 1531 940 1610 γῆς
966 1552 1000 1592 τε
1025 1526 1074 1591 καὶ
1099 1525 1194 1607 ἀέρος.
1227 1527 1274 1592 καὶ

173 1627 282 1694 πάντες
305 1629 492 1711 ἐπιφέρονται
516 1632 563 1695 ἐπὶ
590 1637 676 1695 τοῦτο
700 1631 767 1713 περὶ
792 1632 898 1710 όσμῆς·
938 1629 983 1694 διδ
1007 1629 1055 1694 καὶ
1080 1627 1276 1709 Ἡράκλειτος

174 1727 264 1792 οὕτως
279 1729 403 1807 εἴρηκεν,
419 1729 457 1796 ὧς
481 1732 511 1795 εἰ
533 1729 647 1795 πάντα
668 1732 710 1793 τὰ
733 1731 821 1794 ὄντα
842 1729 978 1795 καπνὸς
997 1727 1153 1811 γένοιτο,
1176 1729 1276 1809 ῥῖνες

176 1822 218 1886 δν
240 1828 433 1906 διαγνοῖεν.

627 1953 826 2019 XXXVIII.

172 2091 224 2164 Αἱ
240 2092 352 2192 ψυχαὶ
371 2099 538 2180 ὀσμῶνται
556 2099 627 2168 καθ’
644 2095 732 2188 ᾅδην.

174 2369 246 2424 ι’στιν
260 2367 295 2432 έν,
310 2367 393 2440 λέγων
414 2368 464 2422 ὣδέ
483 2383 545 2424 πως·
574 2368 736 2424 Διδάσκαλος
756 2368 784 2422 δέ
802 2368 935 2424 πλείστων
946 2367 1078 2424 Ἡσίοδος·
1106 2371 1197 2422 τοῦτον
1217 2367 1272 2421 ε’τὶ-

174 2488 280 2522 στανται
293 2468 407 2521 πλεῖστα
419 2465 519 2531 εἰδέναι,
535 2465 608 2524 ὅστις
621 2465 716 2539 ἡμέρην
728 2467 769 2521 καὶ
782 2466 909 2540 εὐφρόνην
922 2467 968 2522 οὐκ
982 2465 1128 2538 ἐγίνωσκεν·
1153 2465 1210 2521 ἔστι
1222 2466 1273 2537 γὰρ

173 2586 208 2620 εν.

211 2676 319 2718 xxm.
350 2657 533 2736 Hippolytus
558 2660 623 2718 Ref.
645 2659 725 2720 haer.
749 2659 790 2719 ix.
809 2678 867 2718 10:
896 2663 941 2717 τδν
961 2662 1012 2735 γάρ
1032 2667 1134 2734 πρῶτον
1156 2655 1272 2740 [ποιητὸν

135 2785 138 2792 ’
169 2757 315 2835 Bernays:
343 2757 410 2817 fort.
431 2751 576 2838 προῦπτον]
598 2762 696 2831 κόσμον
717 2762 794 2816 αὐτόν
814 2761 967 2834 δημιουργόν
987 2760 1027 2814 καὶ
1046 2759 1153 2829 ποιητὴν
1176 2761 1268 2813 ἑαυτοῦ

168 2861 301 2932 γινόμενον
314 2856 380 2912 οὕτω
393 2855 473 2930 λέγει·
487 2856 517 2912 ‘0
532 2858 589 2915 θιδς
606 2857 685 2931 ἡμέρη
706 2859 828 2931 εὐφρόνη,
843 2859 939 2930 χειμὼν
952 2857 1034 2931 θέρος,
1048 2859 1162 2926 πόλεμος
1173 2855 1268 2929 εἰρήνη,

170 2958 244 3027 κόρος
256 2957 332 3025 λιμός
347 2951 478 3032 (τάναντία
491 2956 598 3010 ἅπαντα·
622 2953 697 3011 οὗτος
710 2958 725 3010 ό
739 2950 818 3030 νοῦς)·
842 2955 991 3010 ἀλλοιοῦται
1004 2955 1033 3009 δέ
1046 2954 1167 3026 ὅκωσπερ
1177 2957 1269 3008 ὁκόταν

169 3057 283 3126 συμμιγῇ
305 3052 443 3119 θνώμασιν·
471 3051 618 3120 ὀνομάζεται
636 3051 690 3106 καθ
704 3052 795 3123 ἡδονὴν
811 3054 922 3110 ἑκάστου
943 3048 1030 3129 (conf.
1055 3049 1120 3110 Ref.
1139 3050 1217 3109 haer.
1241 3069 1269 3108 V.

172 3164 206 3204 21
223 3143 456 3223 init.)-Respi‹·„
480 3143 675 3221 Hippocrates
695 3149 755 3220 περὶ
768 3146 863 3217 δαίτης
876 3144 895 3205 i.
912 3166 930 3219 4
944 3145 1048 3206 Littnz
1079 3148 1273 3221 ξυμμισγόμενα

170 3244 198 3299 δὲ
212 3245 252 3298 καὶ
266 3245 440 3314 διακρινόμενα
454 3243 611 3300 ἀλλοιοῦται.

210 3355 345 3397 xxxvm.
366 3336 542 3396 Plutarchus
562 3337 599 3397 de
618 3338 684 3398 Fac.
699 3338 731 3396 in
749 3338 819 3398 orbe
839 3338 899 3397 lun.
919 3342 966 3410 28,
980 3359 1008 3416 p.
1025 3358 1106 3415 943³
1137 3344 1163 3395 al
1183 3339 1206 3395 δ’
1220 3341 1271 3395 ἄνα

168 3441 301 3514 γενόμεναι
315 3433 388 3514 (scil.
402 3433 502 3514 ψυχαί)
524 3480 531 3495 .
554 3478 561 3493 .
584 3479 591 3494 .
614 3480 620 3495 .
642 3438 722 3494 ἀκτῖνι
735 3438 781 3509 τὴν
797 3438 861 3510 ὄψιν
874 3438 986 3510 εὀικυῖαι,
1000 3439 1063 3511 ηυρλ
1076 3438 1104 3493 δέ
1119 3438 1165 3508 τὴν
1177 3437 1270 3510 ψυχὴν

167 3536 219 3592 όνο
233 3535 424 3607 κουφιζομένην,
440 3537 529 3607 ὥσπερ
543 3535 659 3600 ἐνταῦθα,
673 3540 710 3611 τῷ
723 3536 782 3610 περὶ
799 3535 846 3605 τὴν
859 3534 969 3606 σελήνην
982 3536 1071 3608 αἰθέρι,
1086 3533 1127 3592 καὶ
1138 3537 1213 3590 τόνον
1227 3531 1270 3588 ἀπ’

166 3633 245 3688 αὐτοῦ
265 3634 306 3687 καὶ
324 3631 435 3704 δύναμιν,
450 3630 503 3689 οἷον
516 3634 549 3688 τὰ
567 3632 729 3704 στομούμενα
747 3632 848 3706 βαφήν,
861 3630 979 3705 ἴσχουσι.
1020 3634 1051 3690 τό
1063 3634 1115 3707 γάρ
1131 3633 1219 3706 άραιδν
1231 3631 1270 3685 ἔτι

166 3733 207 3785 καλ
227 3730 407 3802 διακεχυμένον
426 3730 550 3804 ῥώννυται
571 3733 612 3787 καὶ
631 3730 727 3806 γίνεται
748 3733 876 3805 σταθερὸν
893 3734 934 3787 καὶ
953 3732 1061 3806 διαυγές,
1076 3733 1146 3788 ὥστε
1159 3731 1210 3787 ὑπὸ
1223 3729 1270 3799 τῆς

166 3827 295 3901 τυχούσης
317 3829 510 3899 ἀναθυμιάσεως
530 3829 681 3904 τρέφεσθαι·
714 3831 754 3885 καὶ
777 3832 861 3886 καλῶς
881 3829 1050 3903 Ἡράκλειτος
1073 3825 1145 3886 εἶπεν
1171 3828 1213 3883 ότι
1241 3829 1267 3882 αἱ

167 3927 255 4000 ψυχαὶ
267 3925 397 3996 ὀσμῶνται
424 3926 478 3981 καθ
492 3925 564 3999 ᾅδην.

200 4181 295 4220 xxm.
313 4176 371 4235 post
387 4169 458 4232 λιμόν
474 4187 506 4219 ex
523 4170 665 4236 Hippolyto
681 4170 780 4221 insemit
795 4171 921 4236 Bergkius
937 4169 1054 4220 τάναντία
1069 4169 1171 4219 όταντα·
1193 4166 1270 4217 υντδι

167 4246 230 4297 νόος·
250 4253 259 4307 ΙΙ
270 4247 332 4298 οἶνοι
343 4248 414 4300 addit
421 4253 479 4314 post
490 4246 599 4313 ὅκωσπερ
607 4249 741 4314 Bergkius,
748 4253 806 4313 post
816 4246 938 4309 θυώμασιν
949 4249 1069 4300 Sehuster
1090 4254 1100 4308 11
1114 4244 1204 4297 ὁκόταν
1215 4246 1269 4296 eod.

166 4341 229 4375 οοπ.
241 4327 328 4376 Miller
346 4331 357 4391 ΙΙ
371 4327 481 4390 συμμιγῆ
492 4326 559 4376 coda
577 4329 685 4391 συμμιγῆ
701 4326 854 4388 <θθυμα>
871 4327 1001 4391 Βοηιιιγιι
1020 4329 1128 4392 συμμιγῆ
1147 4324 1263 4388 (ἀὴρ)

167 4401 261 4452 Zeller:
285 4404 409 4468 συμμιγέα
420 4403 533 4465 θυώμα<
542 4422 584 4454 -σα
600 4403 721 4468 διαφόρου
737 4404 950 4468 δνόμα->σιν·Β.
966 4404 1052 4455 Scott:
1078 4406 1207 4470 vulgatam
1217 4406 1268 4454 lec·

167 4480 262 4530 tionem
278 4486 366 4531 tuetur
380 4483 564 4534 Teiehmueller
574 4483 636 4535 Νου.
647 4481 719 4534 stud.
735 4484 788 4550 Lp.
803 4483 836 4536 66
870 4488 880 4544 ΙΙ
899 4493 926 4544 <
935 4479 948 4531 δ
957 4487 984 4539 >
1007 4481 1148 4546 ὀνομάζεται
1163 4483 1268 4533 Oruice:

169 4556 184 4608 δ
194 4556 317 4622 νομίζεται
329 4561 509 4612 Wordsworth.
