3252 5174
619 457 697 504 ΠΕΡΙ
718 455 854 506 ΦΥΣΕΩΣ.

682 677 787 744 ΧΧΧ.

185 799 287 876 Ἠοῦς
304 801 355 872 καί
373 801 513 900 ἑσπέρης
530 803 684 900 τέρματα
702 807 720 885 ἡ
738 800 869 900 ἄρκτος,
888 800 940 872 καί
962 801 1073 873 ἀντίον
1089 809 1148 884 τῆς
1165 798 1288 898 ἄρκτου

185 909 278 1009 οῦρος
296 913 423 1012 αἰθρίου
440 915 530 992 Διός.

671 1087 798 1152 XXXI.

185 1203 233 1274 Εἰ
248 1205 293 1288 μὴ
310 1203 402 1287 ἥλιος
418 1207 463 1292 ἡν,
482 1207 623 1306 εῦφρόνη
640 1205 680 1279 οίν
697 1208 743 1289 ἡν.

659 1405 806 1472 ΧΧΧΙΙ.

184 1526 271 1605 Νίος
288 1529 343 1625 ἐφ’
363 1529 462 1625 ἡμέρῃ
479 1527 582 1613 ἡλιος.

223 1800 298 1842 xxx,
320 1782 425 1843 Strabo
446 1783 465 1845 ἱ.
487 1786 513 1856 6,
535 1803 564 1862 p.
591 1802 625 1859 3:
646 1787 751 1851 βέλτιον
777 1781 801 1840 δ’
824 1785 992 1859 Ἡράκλειτος
1019 1789 1060 1843 καὶ
1084 1789 1285 1862 όμῃρικατέρως,

182 1881 275 1952 ὁμοίως
288 1883 342 1940 ἄντί
355 1888 402 1940 τοῦ
415 1884 533 1957 ἅρκτικαῦ
553 1884 599 1954 τὴν
615 1884 707 1956 ἄρκτον
720 1883 857 1954 ὀνομάζων·
880 1881 961 1941 Ἠοῦς
981 1886 1021 1940 καὶ
1042 1885 1153 1960 ἑσπέρης
1173 1886 1286 1960 τέρματα

182 1982 197 2053 ἡ
214 1982 312 2056 ἄρκτος,
335 1984 375 2038 καὶ
395 1979 479 2038 ἀντίον
497 1985 542 2052 τὴς
564 1983 658 2055 ἄρκτου
678 1980 753 2054 οῦρος
773 1979 872 2054 αἰθρίου
894 1983 961 2038 Διός.
984 1986 999 2038 δ
1019 1983 1070 2056 γδρ
1090 1983 1206 2055 ἀρκτικός
1226 1985 1286 2040 ε’στι

182 2080 282 2138 δόσεως
295 2081 335 2135 καί
348 2081 473 2151 ἀνατολῆς
486 2081 555 2154 ὅρος,
569 2081 619 2151 οῦχ
632 2079 647 2149 ἡ
662 2079 762 2152 ἄρκτος,
1168 2149 1172 2158 Ι

223 2194 310 2235 xxxl.
332 2176 506 2236 Plutarchus
519 2176 576 2254 Aq.
590 2182 621 2235 et
635 2175 693 2252 ign.
705 2188 836 2254 comp-7,
850 2194 880 2252 p.
892 2189 949 2252 957
962 2193 969 2234 :
989 2176 1157 2249 Ἡράκλειτος
1170 2180 1218 2248 μὲν
1231 2177 1283 2249 οὖν,

181 2279 213 2332 Εἰ
225 2277 259 2348 μὴ
272 2277 354 2347 ἡλιος,
371 2277 462 2349 φησίν,
476 2274 514 2348 ἡν,
530 2277 642 2349 εὐφρόνῃ
655 2275 687 2332 δν
699 2273 854 2344 ἡν-Ιᾶθαι
870 2274 906 2332 de
923 2273 1056 2332 Fortuna
1071 2293 1098 2349 3,
1112 2294 1141 2351 p.
1156 2277 1213 2349 98:
1242 2277 1283 2332 καλ

184 2375 273 2447 ὥσπερ
295 2373 369 2444 ἡλίου
388 2375 423 2446 μὴ
444 2372 518 2430 ὄντος
538 2373 609 2430 ἕνεκα
628 2378 679 2430 τῶν
698 2373 786 2429 ἄλλων
806 2372 910 2446 ἄστρων
929 2375 1055 2446 εόφρόνῃν
1075 2374 1106 2428 δν
1125 2376 1227 2445 ἡγομεν,
1250 2375 1285 2432 ὥς

182 2475 266 2545 φησιν
284 2472 459 2545 Ἡράκλειτος·
479 2470 562 2529 οὕτως
582 2471 653 2526 ἕνεκα
672 2476 723 2527 τῶν
743 2471 897 2542 αίσθὴσεων,
913 2472 935 2526 εί
954 2471 989 2541 μὴ
1010 2473 1070 2526 νοῦν
1089 2471 1153 2542 μῃδέ
1174 2473 1284 2544 λόγονό

181 2570 316 2642 ἅνθρωπος
335 2571 420 2640 ἔσχεν,
436 2570 510 2625 οὐδέν
530 2569 562 2625 δν
581 2568 684 2642 διέφερε
705 2572 741 2644 τῷ
754 2567 805 2644 βίῳ
820 2574 871 2625 τῶν
884 2565 1134 2644 θῃρίων-Βθερὶο.
1150 2566 1284 2626 Clemens

181 2665 266 2725 Alex.
280 2665 429 2742 Protrepf.
448 2685 494 2732 11,
509 2685 536 2742 p.
553 2669 611 2741 87:
632 2667 706 2738 ἡλίου
723 2668 757 2738 μὴ
772 2666 851 2736 ὄντος,
866 2666 937 2722 ένεκα
957 2672 1009 2722 τῶν
1020 2667 1108 2722 ίίλλων
1122 2666 1224 2742 ἄστρων
1238 2668 1285 2736 νὺξ

182 2765 214 2820 ἃν
233 2763 264 2834 ἦν
283 2766 316 2820 τὰ
335 2761 542 2823 πάντα-θοαί.
557 2761 722 2822 Macrobius
743 2761 775 2820 in
795 2762 894 2822 Somn.
909 2761 985 2840 Scip.
1000 2761 1020 2822 i.
1037 2781 1092 2822 20:
1115 2762 1285 2822 Heraclitus

181 2861 291 2920 fontem
306 2859 435 2920 caelestis
448 2860 519 2919 lucis
534 2858 608 2939 (scil.
624 2857 726 2938 solem)
740 2860 876 2937 appellat.

221 2975 322 3017 xxxn.
350 2957 523 3031 Aristoteles
550 2957 672 3018 Μοίρας.
693 2957 724 3018 ἱὶ.
748 2977 774 3030 2,
795 2978 825 3035 p.
847 2972 906 3034 355
926 2978 946 3016 α
968 2977 1005 3033 9:
1036 2959 1051 3028 ἡ
1071 2959 1190 3033 μὲνγὰρ
1211 2960 1286 3031 φλὸξ

182 3058 225 3112 διδ
246 3061 373 3129 συνεχοῦς
395 3059 475 3130 ὑγροῦ
498 3059 540 3113 καί
561 3058 641 3131 ξηροῦ
663 3060 878 3129 μεταβαλλόντων
897 3057 1011 3130 γίγνεται
1033 3058 1074 3111 καί
1097 3057 1128 3110 οῦ
1152 3057 1284 3131 τρέφεται·

180 3157 211 3210 οῦ
237 3156 289 3228 γὰρ
316 3154 331 3224 ἡ
359 3155 422 3225 αιίτὴ
450 3153 518 3211 οὖσα
546 3155 656 3225 διαμένει
683 3155 773 3210 οῦδένα
799 3157 893 3229 χρόνον
915 3156 950 3211 ὣς
977 3155 1063 3210 εἰπεῖν·
1105 3155 1166 3227 περὶ
1189 3155 1217 3208 δέ
1240 3156 1287 3209 τὸν

181 3253 255 3324 ἡλιαν
277 3251 402 3309 όδίννατον
422 3256 498 3308 ταῦτα
521 3252 680 3324 συμβαίνειν,
702 3252 760 3309 ,ε’πεί
783 3252 943 3325 τρεφομένου
965 3274 996 3324 γε
1015 3252 1061 3308 τόν
1081 3252 1286 3325 αὐτὸντρόπον,

180 3353 270 3426 ὥσπερ
285 3351 375 3407 ε’κεῖναί
396 3353 473 3423 φασι,
496 3353 574 3423 δὴλον
594 3351 633 3407 ότι
652 3353 693 3406 καὶ
713 3353 728 3405 ό
748 3351 822 3421 ἡλιας
842 3350 873 3405 οῦ
892 3352 970 3421 μόνον
991 3349 1103 3422 καθάπερ
1116 3348 1285 3421 Ἡράκλειτός

178 3452 258 3522 φῃσι,
273 3449 328 3506 νέος
347 3447 390 3521 ἐφ’
405 3448 483 3521 ἡμέρῃ
501 3449 581 3519 ε’στίν,
595 3448 655 3504 ἀλλ’
670 3448 709 3504 ἆεὶ
730 3449 785 3505 νίας
805 3443 1130 3520 cunque-Alexander
1150 3442 1286 3521 Aphrod.

181 3545 212 3605 in
226 3546 347 3605 Meteor.
361 3545 409 3605 l.l.
423 3545 472 3605 fol.
488 3565 526 3622 93
542 3566 578 3604 αι
608 3545 633 3602 εί
651 3569 682 3621 γε
702 3548 825 3620 ἐτρέφετο
845 3551 860 3601 ό
881 3546 955 3616 ἡλιος
973 3542 1055 3602 οὕτως
1073 3546 1108 3602 ὧς
1126 3546 1166 3600 καὶ
1184 3546 1214 3600 τό
1231 3549 1285 3618 πῦρ

184 3646 248 3701 καθά
270 3648 362 3718 φασιν,
385 3645 415 3699 οὗ
436 3648 515 3715 μόνον
538 3647 572 3703 ὡς
584 3645 753 3718 Ἡράκλειτός
776 3647 853 3717 φησι,
876 3644 932 3702 νέος
952 3642 995 3715 ἐφ’
1015 3643 1095 3717 ἡμέρῃ
1116 3643 1148 3698 δν
1167 3641 1206 3714 ἡν,
1228 3639 1284 3699 καθ’

179 3745 290 3812 ίκάστῃν
303 3742 398 3815 ἡμέραν
417 3742 499 3800 ἄλλος
520 3744 692 3815 ἐξαπτόμενος
712 3747 758 3798 τοῦ
781 3746 884 3816 πρώτου
908 3742 936 3796 έν
956 3746 987 3811 τῇ
1008 3740 1082 3798 δῦσει
1103 3741 1283 3813 σβεννυμένου,

179 3839 238 3898 ἀλλ’
254 3841 295 3895 ἇεί
314 3863 343 3895 τε
363 3841 404 3895 καὶ
424 3846 547 3912 συνεχῶς,
562 3841 619 3900 νέας
638 3864 666 3897 τε
687 3842 728 3896 καί
748 3840 844 3896 ὄλλυτε
864 3841 946 3896 ἄλλος
964 3836 1070 3912 έγίνετο,
1093 3840 1182 3911 ὥσπερ
1201 3841 1242 3894 καὶ
1260 3841 1287 3894 αί

180 3941 289 4012 φλόγες,
303 3937 331 3992 έν
343 3942 379 4014 τῷ
393 3939 511 4012 γίνεσθαι
525 3941 554 3995 τδ
569 3936 631 3996 εἶναι
645 3937 979 4015 έχων-θίγωρὶοᾶοκῐιε
992 3935 1024 3995 in
1038 3936 1160 3995 Meteor.
1175 3935 1220 3995 Η.
1234 3937 1286 3996 fol.

183 4053 222 4110 30
236 4051 272 4093 a:
294 4035 495 4109 ῦπερβῃσόμεθα
508 4038 537 4093 δέ
550 4038 597 4109 τὴν
608 4038 798 4112 Ἡρακλείτειον
810 4034 1041 4110 παραδοξολογίαν·
1070 4036 1153 4090 οὐκέτι
1165 4038 1215 4109 γὰρ
1230 4037 1286 4094 νέος

180 4133 224 4206 ἐφ’
238 4134 316 4206 ἡμέρῃ
337 4133 474 4206 γενὴσεται
495 4137 510 4189 δ
531 4137 604 4206 ἡλιος
625 4138 667 4193 διὰ
687 4138 733 4192 τὸν
745 4136 921 4209 Ἡράκλειτον,
941 4134 1010 4189 ἀλλὰ
1030 4134 1087 4190 νέος
1106 4133 1161 4188 καθ’
1176 4133 1284 4190 ἕκαστον

181 4234 235 4290 νῦν.
276 4232 353 4304 ἔλεγε
365 4232 416 4306 γὰρ
431 4235 446 4287 ό
459 4232 628 4307 Ἡράκλειτος
648 4235 687 4291 ὅτι
708 4238 760 4307 πῦρ
781 4235 904 4306 ὑπάρχων
924 4234 939 4286 ό
959 4231 1041 4302 ἡλιος,
1056 4230 1118 4287 όταν
1130 4232 1179 4303 μὲν.
1189 4233 1217 4290 έν
1228 4237 1285 4294 ταῖς

215 4459 342 4589 Χιῖίγδρ
348 4467 416 4589 lpost
430 4462 488 4526 ἡοῦι
498 4463 567 4528 vulg.
582 4462 640 4515 add.
647 4481 654 4522 ς
671 4464 867 4528 superscriptum
878 4462 956 4512 habet
966 4461 1020 4513 cod.
1031 4461 1054 4511 B
1069 4466 1091 4522 ,ΙΙ
1106 4460 1206 4527 έστίραι
1217 4462 1286 4527 vulg.

182 4554 246 4590 ςοττ.
292 4555 348 4589 eme
368 4556 390 4590 e.
