3252 5174
611 409 874 473 siusium-v,
1254 418 1292 472 79

191 593 350 669 πικροτέροις
373 595 519 652 ἐδουλεύετε
546 598 691 671 δεσπόταις,
714 602 755 657 καὶ
782 605 826 658 νῦν
853 603 891 657 έτι
918 600 1051 658 δουλεύετε
1075 599 1234 674 φοβοῦμενοι
1256 600 1291 656 διν

191 695 293 764 ἤρξατε.
318 697 344 749 τί
364 693 410 750 οῦν
429 695 577 762 βούλεσθε,Ι
599 702 643 769 τῆς
662 702 763 756 πόλεως
783 700 872 774 ἀθρόοι
892 700 986 758 πάντες
1005 700 1134 770 ἐξέλθωσι
1155 700 1195 755 καί
1216 699 1288 768 ε’ξελ-

191 790 278 848 δόντες
291 792 357 847 ἷδίαν
369 795 446 848 πόλιν
459 794 577 866 κτίσωσι,
592 799 762 870 καταρώμενοι
776 799 834 869 ὑμῖν
853 800 894 853 καὶ
909 800 984 855 παισὶ
1004 799 1102 854 παίδων
1121 797 1290 864 άνεπιβασίαν

191 889 388 960 ψηφισάμενοιι
409 889 538 960 πολέμους
558 895 655 950 ἑαυτοῖς
675 895 792 968 τρέφετε,
806 895 934 968 Ἐφέσιοι,
950 896 991 950 καὶ
1006 899 1059 952 τοῖς
1072 893 1200 964 μελλουσι
1212 896 1290 950 παισὶ

162 986 255 1057 5πρδς
270 988 330 1044 τοῦς
349 987 492 1058 μελλοντας
513 990 542 1059 ἒξ
561 991 669 1050 ἐκείνων.
691 993 810 1066 ὄψονται,
824 992 976 1068 Ἐρμόδωρε,
991 992 1111 1067 Ἐφέσιοι
1132 995 1164 1049 τὰ
1184 995 1288 1062 ἑαυτῶν,

192 1081 226 1136 σῦ
241 1083 268 1136 δέ
281 1087 356 1156 χαῖρε
370 1084 465 1157 α’γαθδς
480 1084 522 1142 ιῦν.

222 1396 240 1445 4
250 1380 376 1443 πολεμίους
386 1383 455 1448 vulg.
467 1399 528 1433 corr.
542 1383 565 1431 B

599 1753 875 1820 EPIMETRUM

491 1989 535 2034 An
557 1989 719 2034 uxcusuuu
742 1970 981 2033 Hnuocmsi.

193 2179 197 2186 “
220 2167 285 2217 Oum
307 2171 379 2232 paris
400 2167 535 2232 posteriore
557 2166 733 2232 disputationis
755 2166 939 2230 Hippocratem
961 2162 1109 2212 conferenda
1131 2161 1283 2226 Bernsysius

187 2244 250 2292 mihi
266 2245 386 2294 indicavit
404 2261 435 2294 ss
450 2262 514 2310 quus
531 2246 562 2294 dc
581 2251 635 2294 crte
654 2245 764 2294 chemics
783 2243 861 2293 habet
880 2243 993 2291 Zosimus
1011 2243 1047 2304 (v.
1068 2240 1198 2289 Fabricius
1216 2241 1282 2291 Bibl.

187 2322 275 2373 Graec.
287 2323 339 2372 viii.
351 2339 375 2387 p.
392 2332 420 2386 71
435 2324 474 2372 ed.
486 2323 572 2386 Harl.)
583 2323 610 2371 iu
622 2322 800 2387 scriptiuncula
814 2320 867 2384 περὶ
883 2321 969 2383 ἀρετῆς
980 2318 1019 2368 καὶ
1031 2316 1164 2367 συνθέσεως
1175 2316 1282 2367 ῦδάτωνι

186 2405 258 2448 extat
275 2401 343 2449 locus
361 2400 495 2465 impressus
514 2401 541 2450 iu
560 2401 713 2450 Ferdinandi
730 2400 835 2450 Hoeicri
854 2399 959 2448 historic
977 2398 1094 2457 chemise,
1114 2402 1134 2448 t.
1153 2397 1170 2447 i.
1188 2413 1213 2462 p.
1234 2411 1282 2461 499

187 2478 300 2541 (histoire
312 2479 343 2528 de
355 2479 381 2528 la
392 2480 490 2536 ολίιιιίε,
502 2479 559 2530 Par.
574 2480 649 2544 1842)
662 2497 702 2528 :—

218 2553 296 2603 καλδν
312 2553 342 2604 τδ
360 2554 444 2618 λέγειν
461 2554 500 2605 καί
516 2555 593 2605 καλὸν
609 2555 640 2605 τὸ
659 2555 763 2613 ἀκοίιειν,
779 2553 855 2604 καλὸν
871 2553 901 2603 τὸ
918 2552 1005 2603 διδόναι
1023 2551 1062 2601 καὶ
1078 2551 1155 2601 καλὸν
1174 2551 1204 2601 τά
1221 2559 1282 2613 λαμ-

184 2631 278 2690 βάνειν,
297 2632 374 2682 καλδν
392 2632 421 2683 τδ
438 2632 577 2697 πενητεῦειν
593 2633 633 2683 καί
649 2632 726 2683 καλὸν
742 2631 773 2682 τὸ
792 2633 914 2689 πλουτεῖν,
930 2629 971 2680 καί
986 2649 1033 2679 τοι
1049 2633 1065 2693 ἠ
1082 2629 1153 2694 φάσις
1169 2629 1282 2692 μανθάνει

186 2708 274 2760 διδόναι
285 2709 325 2759 καὶ
336 2708 479 2772 λαμβάνειν.
513 2710 633 2761 δίδοισινό
648 2710 835 2775 χαλκάνθροιτοι
848 2709 887 2759 καὶ
903 2709 1023 2770 λαμβάνει
1035 2711 1048 2758 ό
1062 2708 1191 2773 δγρόλιθοι,
1204 2707 1283 2758 δίδωσι

185 2786 216 2837 τὸ
231 2787 357 2849 μέταλλον
374 2787 413 2837 καὶ
429 2788 551 2850 λαμβάνει
561 2792 577 2853 ι)
588 2789 691 2854 βοτάνη,
703 2790 807 2838 διδοῦσιν
824 2789 847 2838 οί
863 2786 963 2851 ἀστέρες
973 2787 1014 2836 καὶ
1029 2785 1149 2847 λαμβάνει
1167 2786 1199 2836 τά
1214 2786 1283 2851 ἀνθη,

185 2864 304 2915 δίδοισινδ
317 2866 415 2930 οῦρανδς
426 2867 464 2917 καί
477 2866 597 2928 λαμβάνει
608 2869 624 2930 ἡ
635 2868 677 2932 γῆ,
688 2868 792 2917 διδοῦσιν
803 2868 828 2916 αἱ
842 2864 944 2930 βρονταὶ
961 2865 989 2913 έκ
1001 2865 1046 2913 τοῦ
1062 2863 1215 2928 τροχίζοντος
1228 2865 1283 2930 [τοῦ

185 2942 370 3007 έκτροχίζονποι
380 2945 434 2996 cod.
446 2945 528 3010 Βαάλ]
544 2943 615 3009 πυρὸς
626 2945 665 2994 καί
680 2944 865 3007 συμπλέκονταιι
874 2945 906 2992 τά
916 2941 994 2992 πάντα
1008 2941 1048 2991 καί
1061 2941 1238 2992 ἀναπλέκονται
1250 2942 1283 2992 τά

184 3021 263 3070 πάντα
273 3020 312 3070 καὶ
324 3021 474 3072 συντίθενται
486 3021 517 3070 τὰ
527 3021 606 3072 πάντα
616 3022 656 3071 καί
666 3021 807 3086 μιγνῦονπαι
819 3021 958 3086 [μίσγονται
966 3021 1050 3086 Βαάλ]
1063 3021 1102 3069 καὶ
1113 3021 1282 3084 ἀποκρίνονται

187 3099 307 3164 [κιρνάται
319 3100 403 3164 Bodi]
416 3099 448 3148 τά
462 3099 541 3149 πάντα
551 3100 590 3150 καί
601 3101 744 3165 κυβερνᾶται
763 3100 926 3165 [ἀποκιρνᾶται
938 3099 1021 3165 Βαάλ]
1039 3098 1071 3147 τὰ
1086 3098 1165 3147 πάντα
1175 3098 1214 3148 καί
1224 3101 1282 3149 ἀπο-

183 3175 316 3241 βρέχονται
331 3177 422 3243 [βρέξει
434 3179 517 3243 Bodi]
530 3178 562 3227 τά
574 3178 652 3228 πάντα
663 3179 701 3228 καὶ
712 3179 781 3227 ἀνθεῖ
791 3177 823 3226 τά
835 3177 913 3227 πάντα
927 3175 967 3226 καί
979 3177 1074 3239 έξανθεΐ
1081 3175 1112 3225 τὰ
1123 3176 1201 3226 πάντα
1211 3179 1237 3227 έν
1249 3182 1284 3242 τῷ

184 3253 340 3318 φιαλοβάιμρ·
357 3255 444 3319 ἀρίστη
458 3255 574 3320 [ἕκαστον
585 3255 632 3320 γάρ
641 3257 724 3322 Bodi]
736 3255 828 3318 μεθόδῳ
836 3255 876 3304 καί
887 3254 1039 3319 σνγκόμματι
1051 3255 1186 3320 [σηκόιματι
1198 3256 1282 3322 Bodi]

184 3331 224 3381 καὶ
241 3333 381 3396 οῦγκιασμῷ
396 3334 578 3398 σνγκεράσματι
594 3334 761 3399 τετραστοίχηι
778 3332 941 3398 [τετραχίστηι
956 3333 1035 3391 Βαάλ,
1051 3350 1098 3385 om.
1114 3335 1207 3399 συγκ.].
1223 3337 1239 3397 ἠ
1256 3335 1283 3384 δέ

184 3410 234 3462 τάν
246 3408 309 3458 ὅλοιν
320 3410 471 3476 πραγματεία
483 3412 611 3474 συμπλοκὴ
627 3411 681 3462 έσπί
692 3411 731 3461 καί
742 3411 877 3474 ἀτοτλοκὴ.
893 3411 933 3461 καὶ
946 3412 960 3459 δ
971 3410 1014 3460 πάι
1026 3409 1158 3472 σύνδεσμοι
1170 3412 1214 3460 οὐκ
1223 3412 1281 3462 ἀνευ

183 3487 287 3549 μεθόδου
297 3487 398 3550 γίνεται.
415 3490 542 3552 ἡμέθοδοι
557 3489 647 3553 φυσική
662 3491 722 3552 ἐστι,
735 3490 773 3540 καί
787 3489 888 3554 φυσῶσα
902 3489 942 3539 καί
956 3489 1085 3553 έκφυσῶσα
1098 3488 1137 3538 καί
1151 3488 1195 3538 τὰς
1205 3489 1283 3554 τάξεις

184 3566 291 3629 τηροῦσα
301 3567 345 3628 τῆς
359 3566 467 3628 μεθόδου,
479 3565 614 3630 αὐξάνουσα
630 3568 669 3617 καί
681 3567 819 3617 έλαττοῦσα
836 3567 875 3617 καί
886 3567 919 3616 τὰ
933 3565 1011 3616 πάντα
1026 3566 1147 3628 συντόμως
1160 3567 1195 3632 [π.
1212 3569 1243 3617 ὡς
1254 3569 1281 3618 έν

185 3643 303 3707 σνμφίννηι
314 3645 399 3710 BodL]
414 3644 528 3708 σῦμφινα
543 3644 576 3710 τῇ
589 3645 700 3711 διαιρέσει
716 3646 755 3695 καί
768 3651 800 3712 τῇ
815 3646 897 3696 ἑνάισει
913 3646 1022 3704 ποιοῦσα,
1034 3649 1066 3710 τῇ
1079 3645 1171 3709 μεθόδῳ
1181 3645 1282 3710 μηδενὸς

184 3721 371 3785 ῦποληφθέντοι·
388 3723 461 3786 ἡγὰρ
472 3723 571 3785 μέθοδος
588 3724 642 3788 [τῆς
652 3724 755 3786 μεθόδου
770 3724 845 3789 μηδέν
856 3722 1041 3787 ὑπολειφθείσης
1055 3723 1141 3788 Bodi]
1155 3724 1282 3788 έκστρέφει

183 3799 230 3862 τήν
241 3800 322 3863 φῦσιν,
333 3799 372 3849 καὶ
389 3802 405 3862 ἡ
421 3799 493 3864 φίισιι
508 3801 660 3867 στρεφομένη
673 3803 706 3852 είς
722 3802 809 3865 ἑαυτὴν
826 3801 963 3869 στρέφεται.
996 3800 1035 3851 καί
1051 3800 1112 3865 αῦτη
1129 3801 1223 3865 έστίνὴ
1236 3803 1280 3852 τοῦ

184 3877 274 3928 παντὸς
284 3877 355 3942 φάσις
366 3877 405 3928 καὶ
417 3877 557 3941 σόνδεσμος.
