3252 5174
294 463 331 519 38
658 469 871 518 urnunslror
891 468 1034 515 sonzror
1107 432 1112 443 '

291 644 357 716 ύπδ
373 644 441 722 ἑνδς
456 653 515 717 τοῦ
534 647 630 718 θείου·
657 647 785 744 κρατέει
807 643 874 744 γὰρ
892 650 1058 716 τοσοῦτον
1075 637 1194 714 ὁκόσον
1217 640 1321 712 ε’θῖλει
1340 639 1393 710 καῖ

292 757 434 856 ἐξαρκὲει
451 763 536 830 πᾶσι
554 759 606 829 καῖ
624 759 839 857 περιγίνεται.
854 778 857 782 ’

790 954 900 1018 XCII.

293 1079 366 1181 Τοῦ
394 1077 503 1171 λόγου
530 1078 557 1149 δ’
585 1076 699 1156 ἐόντος
732 1077 835 1174 ξυνοῦ,
864 1073 982 1176 ζώουσι
1018 1078 1051 1146 οῖ
1083 1075 1210 1146 πολλοὶ
1231 1077 1278 1151 ’ὡς
1312 1071 1393 1156 ι’δῖην

263 1213 266 1220 ’
290 1193 424 1289 ἔχοντες
449 1190 622 1289 φρόνησιν.
783 1265 786 1270 ,

779 1329 906 1394 XCIII.

283 1451 342 1522 Ὧι
360 1451 513 1536 μάλιστα
531 1450 687 1534 διηνεκέως
704 1451 883 1535 ὁμιλὲουσι,
901 1450 1010 1538 τούτῳ
1027 1447 1253 1546 διαφέρονται.

317 1569 333 1601 ⁸

781 1639 904 1704 XCIV.

293 1763 345 1832 Ού
361 1761 410 1834 δεῖ
424 1761 538 1858 ὥσπερ
555 1761 767 1838 καθεύδοντας
785 1771 888 1832 ποιεῖν
904 1761 956 1830 καῖ
975 1761 1095 1853 λέγειν.

796 1951 898 2015 XCV.
1000 2003 1001 2008 ,

296 2033 299 2040 ¹
335 2073 524 2140 Plutarchus
544 2074 583 2139 ds
599 2076 740 2158 Superst.
764 2095 793 2160 3,
815 2096 847 2157 p.
869 2071 949 2136 166:
973 2074 989 2136 ὁ
1010 2070 1206 2152 Ἡράκλειτός
1223 2081 1307 2154 φησι,
1330 2076 1393 2137 τοῖς

292 2179 487 2260 ἐγρηγορόσιν
517 2179 570 2242 ἕνα
600 2179 647 2243 καὶ
678 2178 775 2242 κοιυδυ
801 2179 911 2256 κόσμον
942 2175 1024 2252 εῖναι,
1055 2181 1113 2241 τῶυ
1142 2173 1175 2239 δὲ
1206 2174 1392 2254 κοιμωμένων

292 2281 419 2344 ἕκαστον
435 2283 477 2347 εἷς
492 2284 566 2344 ῖδιου
581 2281 834 2362 ἀποστρέφεσθαι.

292 2525 390 2579 ε’σθλδν
407 2521 729 2599 &poter-Hippocrates
748 2544 776 2581 π.
791 2524 891 2595 τροφῆς
905 2533 958 2593 15:
988 2520 1070 2594 φύσις
1084 2521 1196 2594 ε’ξαρκέει
1211 2522 1294 2576 πάντα
1311 2525 1393 2577 πᾶσιν

291 2620 505 2679 —Plutarchus
524 2621 559 2679 de
578 2621 659 2680 Iside
673 2634 722 2695 45,
736 2640 763 2698 p.
781 2621 840 2696 369
855 2641 860 2678 :
890 2621 933 2675 ἕνα
953 2622 1034 2693 λόγον
1047 2620 1088 2675 καὶ
1104 2620 1163 2691 μίαν
1175 2622 1305 2693 πρόνοιαν,
1320 2622 1355 2678 ὡς
1367 2623 1394 2676 oi

292 2720 404 2788 Στωικοί,
413 2721 605 2793 περιγινομένην
614 2721 731 2777 ἁπάντων
742 2723 782 2776 καὶ
792 2716 1109 2792 κρατοῦσαν-Ρδοδίιιιιε
1118 2716 1192 2774 Eun.
1198 2716 1236 2774 vi.
1245 2731 1272 2790 5,
1280 2736 1309 2794 p.
1317 2718 1375 2775 668
1384 2736 1390 2776 :

291 2819 321 2872 τὸ
342 2819 449 2889 φρονεῖν
468 2822 549 2874 πῖισιν
567 2819 638 2883 ὅλον,
654 2819 693 2873 διδ
712 2819 752 2874 καῖ
771 2820 846 2889 ξυνδυ
864 2817 895 2871 τδ
913 2814 1142 2890 φρονεῖν-Οοιιὶ,
1158 2814 1349 2892 Empedocles
1362 2835 1392 2874 V.

293 2931 309 2970 2
313 2933 349 2988 31
368 2912 459 2973 Stein.
473 2935 480 2972 τ
508 2921 590 2972 πάντα
603 2918 653 2990 γὰρ
666 2916 722 2973 ἰ’σθι
736 2919 865 2990 φρόνησιν
878 2917 946 2986 ἔχειν
960 2915 1000 2970 καὶ
1014 2913 1126 2986 υόματος
1139 2911 1223 2973 αἶσαν.

332 3034 406 3076 xo11.
437 3018 544 3078 Sextus
568 3018 654 3096 Emp.
679 3020 743 3078 adv.
769 3018 862 3078 Math.
883 3017 934 3078 vii.
953 3037 1029 3092 133:
1058 3020 1100 3076 διὰ
1121 3018 1220 3075 τούτων
1239 3020 1290 3094 γὰρ
1310 3020 1393 3093 ῥητῶς

290 3118 461 3191 παραστήσας
474 3119 514 3175 ότι
528 3122 591 3175 κατὰ
604 3122 717 3193 μετοχήν
729 3125 776 3176 τοῦ
790 3120 859 3174 θείου
872 3120 955 3192 λόγου
965 3119 1048 3173 πάντα
1061 3118 1207 3191 πράττομεν
1220 3141 1248 3173 τε
1262 3119 1303 3174 καὶ
1317 3121 1392 3173 ναοῦ-

290 3239 344 3288 μεν,
359 3215 437 3289 όλῖγα
456 3219 637 3292 προσδιελθὼν
658 3219 785 3292 ἐπιφέρει·
813 3219 854 3272 διδ
875 3218 916 3272 δεῖ
933 3216 1042 3271 ἕπεσθαι
1061 3219 1098 3290 τῷ
1111 3220 1186 3292 κοιυφ
1198 3210 1287 3291 (ξυνὸς
1306 3216 1357 3289 γδρ
1376 3219 1392 3270 ὁ

291 3317 396 3388 κοινός)’
438 3323 489 3372 Τοῦ
509 3320 591 3392 λόγου
612 3318 635 3373 δ’
649 3320 735 3376 ἐόντος
756 3319 842 3388 ξυνοῦ,
863 3319 973 3384 ζώουσιν
993 3317 1018 3370 οῖ
1037 3317 1133 3370 πολλοὶ
1153 3317 1187 3372 ὡς
1207 3314 1275 3372 ῖδῖαν
1287 3318 1394 3388 ἔχοντες

291 3416 429 3487 φρόνησιν·
458 3417 472 3486 ή
489 3415 511 3470 δ’
525 3417 598 3473 ἐστὶν
611 3419 658 3473 οὐκ
671 3417 738 3472 όλλο
758 3440 784 3472 τι
803 3414 863 3471 ἀλλ’
878 3413 1000 3487 ἐξήγησις
1012 3419 1058 3470 τοῦ
1071 3416 1167 3486 τρόπου
1180 3416 1224 3483 nir
1237 3418 1284 3469 τοῦ
1297 3416 1394 3472 παντὸς

291 3512 437 3582 διοικήσεως
452 3509 538 3590 (conf.
553 3512 589 3571 fr.
606 3512 712 3594 XIX)'
742 3515 781 3570 διδ
796 3513 850 3570 καθ’
865 3513 880 3567 ὅ
893 3535 919 3567 τι
931 3510 962 3566 ἂν
975 3513 1052 3566 αὐτοῦ
1065 3513 1111 3581 τής
1123 3511 1220 3582 μνήμης
1233 3511 1394 3582 καινωυήσω·

290 3631 344 3680 μεν,
360 3610 525 3681 ἀληθεύομεν,
538 3611 554 3665 δ
567 3612 596 3666 δὲ
608 3609 640 3666 ἂν
653 3614 798 3684 ῖδιάσωμεν,
810 3611 960 3684 ψευδόμεθα
975 3607 1092 3683 (horum
1105 3607 1264 3667 maximam
1277 3613 1393 3686 partem

290 3726 351 3764 non
371 3706 463 3782 ipsius
484 3704 605 3782 Ephesii
625 3708 676 3766 sod
696 3706 862 3784 interpretis
883 3705 979 3766 nosoio
1000 3706 1081 3764 ouius
1101 3726 1119 3764 a
1139 3705 1229 3768 Sexto
1250 3707 1326 3766 mulo
1347 3705 1392 3768 in·

290 3803 401 3864 telleoti
415 3824 476 3862 esse
490 3803 637 3863 arbitror:
660 3805 734 3864 conf.
750 3803 995 3865 Schleiermaoher
1008 3824 1035 3881 p.
1052 3804 1136 3885 484).

334 3918 422 3961 xo111.
444 3902 485 3960 M.
501 3899 669 3960 Antoninus
683 3902 722 3961 iv.
737 3905 775 3974 46
791 3899 840 3980 (od
854 3902 889 3961 fr.
899 3902 930 3963 V
940 3900 1011 3981 cit).

313 4055 315 4060 .
330 4017 415 4062 XCIV.
437 4000 478 4058 M.
494 3998 663 4058 Antoninus
677 3999 715 4059 iv.
731 4002 769 4072 46
784 3997 834 4075 (od
847 3999 881 4057 fr.
895 3997 1004 4079 veit).

331 4117 400 4160 xcv.
422 4099 540 4176 Respio.
564 4098 632 4158 fort.
653 4097 958 4175 pseudo-Pythagoras
983 4117 1028 4174 ap.
1049 4095 1203 4175 Hippolyt.
1225 4097 1289 4156 Rof.
1311 4096 1391 4160 haer.

289 4197 329 4256 VI.
347 4200 384 4255 26
399 4218 405 4254 :
428 4199 456 4253 εἰς
470 4201 514 4267 τής
528 4198 593 4266 ι’δῖης
607 4198 651 4251 ἐὰν
665 4197 805 4266 ἀποδημῇς,
814 4199 849 4267 μή
864 4197 1033 4267 ἐπιστρέφου·
1062 4198 1084 4250 εἶ
1099 4197 1127 4250 δὲ
1140 4196 1183 4267 μή,
1195 4195 1308 4269 Ἐρινύες
1322 4197 1394 4266 δίκης

289 4293 420 4365 ε’πῖκουροῖ
440 4316 473 4348 σε
493 4291 693 4361 μετελεύσονται
713 4289 799 4370 (conf.
814 4291 849 4352 fr.
864 4290 1015 4371 XXIX):
1043 4293 1222 4354 Iambliohus
1243 4294 1392 4370 Protropi.

291 4409 339 4456 21,
354 4408 383 4464 p.
396 4407 452 4462 132
467 4386 568 4446 Aroer.

322 4598 397 4637 x0111.
415 4585 527 4649 διηνεκῶι
538 4586 648 4646 ὁμιλοῦσι
661 4587 727 4650 vulg.
