3252 5174
620 442 801 488 PRAEFATIO.
835 448 837 453 '

202 667 259 727 VI.
282 666 319 724 In
333 667 539 725 vocabulorum
553 667 636 744 copia
649 686 698 723 :-

203 767 369 839 ἀγχιβοσίην,
401 766 497 836 ἀέναος,
525 765 606 836 ἀντία,
634 766 727 834 ἀντίον,
755 765 880 836 ἀντίξουν,
910 766 1014 836 ἀοιδοῖς,
1042 764 1135 822 ἄποτος
1162 763 1261 841 (8811811

160 862 298 941 passivo),
313 865 477 938 άμηιφάτους,
491 867 557 935 βιός,
572 867 681 938 γνώμας,
697 864 792 935 δαίμων
812 861 986 941 (εδοημονε
1008 883 1035 920 v.
1051 861 1156 937 Bergk.
1170 861 1261 920 Exer-

162 961 303 1020 01110111.
319 981 392 1037 spec.
408 961 487 1038 vi.p.
508 960 565 1038 10),
584 964 665 1031 ἔδειξε
682 958 937 1039 (1011.·;ἀνέδειξε),
957 963 1063 1033 δίζημαι,
1083 964 1261 1032 δοκιμόιτατος,

161 1063 243 1133 δόμοι,
258 1061 417 1133 ε’γκυρέουσι,
434 1062 564 1130 ε’λπονται,
584 1060 628 1133 ἐφ’
641 1060 729 1133 ἡμέρῃ,
751 1061 899 1116 ἐπίστανται
921 1057 1126 1138 (ενομίζουσι),
1140 1061 1261 1132 εὐφρόνη,

162 1162 243 1228 ζώειν,
267 1159 371 1235 ἡβηδόν,
396 1157 471 1229 ἡδονή
496 1157 594 1236 (sensu
619 1155 813 1232 Anaxagoreo
838 1154 989 1233 positum),
1015 1158 1122 1229 θέρετοι,
1147 1155 1262 1229 ἵστορας,

163 1259 285 1329 ίστορίην,
302 1257 456 1329 καρφαλέον,
472 1259 625 1329 κεκάρηνται,
640 1254 831 1327 λεσχηνεύοιτο,
847 1257 934 1328 μόρος,
949 1255 1040 1326 νέκυες,
1061 1258 1144 1326 ξυνός,
1164 1254 1261 1325 ὅμιλος,

163 1354 290 1424 ὀνήιστος,
320 1355 439 1427 πρηστίηρ
471 1353 569 1432 (sensu
603 1349 715 1430 antiq),
747 1354 875 1424 σκίδνησι,
903 1354 1021 1426 τέρματα,
1049 1355 1135 1426 φάτις,
1163 1353 1261 1425 χρηίζη,

163 1454 341 1524 χρησμοσύνη.

204 1548 311 1607 Insunt
324 1555 474 1626 praeterea
494 1547 525 1604 in
546 1547 715 1624 fragmentis
736 1547 896 1607 locutiones
917 1567 997 1624 quas,
1017 1547 1102 1606 utin
1123 1546 1263 1623 scriptore

164 1652 226 1705 tam
246 1647 375 1724 antiquo,
391 1651 509 1704 enotare
530 1645 633 1704 liceat:
661 1644 826 1722 potissimas
849 1646 953 1704 harum
977 1644 1087 1704 subicio
1097 1647 1262 1704 ε-ὀκαλλώ·

163 1770 253 1818 πιστα,
268 1747 447 1821 ἀκριβέστεροι
461 1745 505 1825 (111
519 1745 555 1803 fr.
570 1743 723 1821 suspecto),
738 1746 898 1817 ἀλλοιοῦται,
912 1745 1048 1819 ἀμύριστα,
1063 1745 1273 1819 ἀνεξερεύνητον,-

164 1843 306 1918 ἀνιερωστί,
321 1843 549 1918 ἀποσβεννύμενον,
569 1841 648 1916 ᾆσμα,
668 1845 763 1915 διᾷδον,
784 1845 907 1916 διαιρέων,
927 1846 1104 1917 διαφυγγάνει,
1123 1845 1263 1917 διηγεῦμαι,

165 1944 285 2016 ῒέγερτί,
307 1944 495 2016 ε’κβλητότεροι,
517 1943 735 2015 ἐπιπορευόμενος,
757 1943 945 2014 ἰσχυρίζεσθαι,
967 1942 1136 2012 κακοτεχνίην,
1159 1944 1263 2011 κόσμος,

165 2044 246 2111 ληνοι,
261 2037 416 2110 ληναίζουσι,
430 2043 518 2113 λόγος,
535 2043 620 2114 μάγοι,
641 2045 768 2111 μυεῦντοι,
789 2040 896 2111 μύστης,
917 2040 1054 2112 μυστήρια,
1076 2042 1159 2112 νόμος,
1181 2063 1263 2094 νυκτι-

165 2145 252 2212 πόλοι,
275 2142 429 2215 ὁμολογέειν,
451 2142 590 2214 ὀσμῶνται,
610 2143 755 2213 πεσσεύων,
781 2142 934 2213 πολυμοόίη,
960 2142 1124 2216 συγγραφάς,
1145 2142 1263 2213 συνᾷδον,

167 2243 346 2312 φιλοσόφους,
360 2241 450 2312 φύσις,
465 2241 527 2294 κατά
540 2239 632 2312 φύσιν,
647 2242 783 2312 φρόνησιν.
826 2237 940 2311 Quibus
954 2238 1075 2296 1011118811
1089 2241 1158 2296 811111
1177 2236 1264 2296 eiiam

166 2335 224 2395 alia
238 2334 370 2395 addenda
383 2336 409 2395 si
422 2335 552 2394 Indicam
565 2336 721 2396 uerborum
734 2337 852 2396 adtente
865 2335 1053 2413 perspexeris.

209 2432 345 2511 Superest
359 2440 394 2494 ut
406 2434 548 2494 eximium
561 2434 635 2492 illud
649 2435 727 2512 quod
741 2435 809 2494 huic
824 2435 921 2494 libello
935 2433 1053 2494 accessit
1064 2440 1265 2494 ornamentum

167 2532 370 2593 demonstrem.
412 2533 443 2591 N
443 2553 490 2591 am
504 2534 625 2593 Iacobm
639 2533 821 2612 Bernaysius‚
837 2533 1066 2611 cuiuspluriens
1085 2532 1144 2591 iam
1162 2532 1194 2590 in
1212 2531 1265 2590 hac

166 2630 345 2708 praefatione
358 2631 535 2690 mentionem
549 2632 611 2703 feci,
626 2652 680 2709 pro
694 2652 799 2710 ecqua
812 2638 856 2691 est
870 2652 982 2709 semper
996 2651 1063 2708 erga
1078 2652 1123 2691 me
1135 2631 1265 2689 humani-

167 2733 228 2788 tate
252 2729 398 2806 inceptam
425 2729 500 2789 hanc
528 2749 645 2807 operam
669 2730 787 2792 hortatu
815 2736 846 2789 st
873 2730 993 2790 consilio
1017 2737 1061 2790 est
1087 2734 1264 2808 prosecutus,

168 2827 331 2887 absolutam
345 2834 443 2888 autem
457 2834 487 2887 et
506 2847 537 2887 re
555 2828 688 2888 adiuvit:
711 2835 746 2888 ut
760 2828 836 2888 vidit
856 2829 934 2888 e'nim
954 2830 1033 2906 apud
1053 2848 1106 2888 nos
1127 2829 1267 2887 nonnulla

168 2925 265 2984 deesse
285 2933 338 2985 aut
363 2925 470 2984 iniuria
494 2927 599 2998 abesse,
620 2926 656 2984 de
679 2926 725 2985 his
750 2946 796 2986 me
820 2925 979 3000 admonuit,
1004 2926 1167 2988 desiderata
1190 2925 1267 2984 indi-

168 3023 254 3096 cavit,
277 3024 490 3083 accommodare
512 3030 611 3083 nostro
631 3024 713 3101 operi
733 3031 763 3084 st
784 3045 836 3085 suo
857 3025 984 3103 quidque
1005 3025 1036 3082 in
1057 3025 1120 3084 loco
1142 3025 1266 3084 inserere

169 3121 308 3198 permisit.
351 3121 438 3196 Quod
459 3126 541 3198 δῶρον
561 3126 588 3180 ἐκ
605 3130 719 3182 Μουσῶν
739 3143 797 3201 quo
815 3123 997 3184 manifestius
1018 3124 1163 3201 adpareat,
1185 3122 1266 3182 addi-

168 3223 298 3279 tamenta
319 3240 353 3279 ea
376 3220 492 3279 nornine
518 3221 611 3297 ipsius
639 3222 785 3299 adscripto
808 3221 916 3300 ubique
943 3221 1021 3298 apud
1048 3241 1100 3280 nos
1128 3219 1267 3296 insignita

169 3337 308 3377 rnvemes.

211 3416 344 3494 Denique
367 3420 522 3494 antequam
544 3418 581 3476 ad
606 3416 770 3477 coronidem
794 3417 908 3477 veniam
936 3417 1017 3475 iuvat
1041 3415 1156 3474 honoris
1183 3434 1267 3474 causa

170 3513 319 3573 nominare
332 3533 399 3572 eum
413 3515 464 3592 qui
477 3515 608 3594 plagulas
629 3516 816 3594 perlegendas
834 3516 935 3574 duram
956 3514 1133 3592 provinciam
1153 3511 1268 3572 amicis·

170 3611 242 3671 simo
256 3611 387 3689 suscepit,
403 3613 540 3673 Falconer
554 3613 669 3686 Madau,
686 3613 758 3674 0011.
773 3615 848 3678 Aen.
862 3614 932 3675 Nas.
948 3613 1076 3687 socium,
1098 3612 1145 3672 oui
1158 3604 1268 3692 gratias

170 3707 262 3768 habeo
275 3727 387 3788 agoquc
399 3714 434 3768 ut
447 3730 500 3787 par
513 3715 557 3770 est
571 3710 720 3772 maximas.
1086 3715 1089 3725 '

237 3880 377 3931 Scribebam
392 3880 483 3931 Osoaa'i

302 3979 334 4013 m.
348 3963 471 4013 Ianuario
486 3964 558 4028 1877.
