<?xml version="1.0" encoding="UTF-8"?>
<!DOCTYPE html PUBLIC "-//W3C//DTD XHTML 1.0 Transitional//EN"
    "http://www.w3.org/TR/xhtml1/DTD/xhtml1-transitional.dtd">
<html xmlns="http://www.w3.org/1999/xhtml" xml:lang="en" lang="en">
 <head>
  <title>
</title>
<meta http-equiv="Content-Type" content="text/html;charset=utf-8" />
  <meta name='ocr-system' content='tesseract 3.04.00' />
  <meta name='ocr-capabilities' content='ocr_page ocr_carea ocr_par ocr_line ocrx_word'/>
</head>
<body>
  <div class='ocr_page' id='page_1' title='image "./heraclitiephesi00heragoog_0062.png"; bbox 0 0 3252 5174; ppageno 0'>
   <div class='ocr_carea' id='block_1_1' title="bbox 561 457 869 508">
    <p class='ocr_par' dir='ltr' id='par_1_1' title="bbox 561 457 869 508">
     <span class='ocr_line' id='line_1_1' title="bbox 561 457 869 508; baseline 0.01 -3"><span class='ocrx_word' id='word_1_1' title='bbox 561 457 563 462; x_wconf 85' lang='lat'>&#39;</span> <span class='ocrx_word' id='word_1_2' title='bbox 634 458 712 506; x_wconf 84' lang='grc' dir='ltr'>ΠΕΡΙ</span> <span class='ocrx_word' id='word_1_3' title='bbox 733 457 869 508; x_wconf 80' lang='grc' dir='ltr'><strong>ΦΥΣΕΩΣ.</strong></span> 
     </span>
    </p>
   </div>
   <div class='ocr_carea' id='block_1_2' title="bbox 705 674 794 738">
    <p class='ocr_par' dir='ltr' id='par_1_2' title="bbox 705 674 794 738">
     <span class='ocr_line' id='line_1_2' title="bbox 705 674 794 738; baseline 0 0"><span class='ocrx_word' id='word_1_4' title='bbox 705 674 794 738; x_wconf 88' lang='lat' dir='ltr'>CXI.</span> 
     </span>
    </p>
   </div>
   <div class='ocr_carea' id='block_1_3' title="bbox 195 806 1298 1357">
    <p class='ocr_par' dir='ltr' id='par_1_3' title="bbox 195 806 1298 1357">
     <span class='ocr_line' id='line_1_3' title="bbox 198 806 1297 908; baseline 0.002 -28"><span class='ocrx_word' id='word_1_5' title='bbox 198 811 261 888; x_wconf 86' lang='grc' dir='ltr'>Τίς</span> <span class='ocrx_word' id='word_1_6' title='bbox 287 809 354 906; x_wconf 86' lang='grc' dir='ltr'>γὰρ</span> <span class='ocrx_word' id='word_1_7' title='bbox 385 811 490 880; x_wconf 77' lang='grc' dir='ltr'>αὐτῶν</span> <span class='ocrx_word' id='word_1_8' title='bbox 520 808 591 885; x_wconf 89' lang='grc' dir='ltr'>νόος</span> <span class='ocrx_word' id='word_1_9' title='bbox 621 809 640 892; x_wconf 83' lang='grc' dir='ltr'>ή</span> <span class='ocrx_word' id='word_1_10' title='bbox 669 812 780 906; x_wconf 87' lang='grc' dir='ltr'>φρήν;</span> <span class='ocrx_word' id='word_1_11' title='bbox 820 806 963 908; x_wconf 91' lang='grc' dir='ltr'>[δήμων]</span> <span class='ocrx_word' id='word_1_12' title='bbox 992 806 1133 880; x_wconf 84' lang='grc' dir='ltr'>ἆοιδοῖσι</span> <span class='ocrx_word' id='word_1_13' title='bbox 1159 811 1297 882; x_wconf 80' lang='grc' dir='ltr'>ἕπονται</span> 
     </span>
     <span class='ocr_line' id='line_1_4' title="bbox 195 920 1297 1018; baseline 0 -24"><span class='ocrx_word' id='word_1_14' title='bbox 195 925 248 995; x_wconf 84' lang='grc' dir='ltr'>καῖ</span> <span class='ocrx_word' id='word_1_15' title='bbox 279 920 465 1012; x_wconf 74' lang='grc' dir='ltr'>διδασκάλῳ</span> <span class='ocrx_word' id='word_1_16' title='bbox 497 922 659 1018; x_wconf 83' lang='grc' dir='ltr'>χρέωνται</span> <span class='ocrx_word' id='word_1_17' title='bbox 694 922 812 1012; x_wconf 81' lang='grc' dir='ltr'>ὁμίλῳ,</span> <span class='ocrx_word' id='word_1_18' title='bbox 843 922 898 991; x_wconf 74' lang='grc' dir='ltr'>οὐκ</span> <span class='ocrx_word' id='word_1_19' title='bbox 933 920 1055 999; x_wconf 82' lang='grc' dir='ltr'>εἰδότες</span> <span class='ocrx_word' id='word_1_20' title='bbox 1084 922 1139 993; x_wconf 85' lang='grc' dir='ltr'>ὅτι</span> <span class='ocrx_word' id='word_1_21' title='bbox 1170 925 1297 996; x_wconf 82' lang='grc' dir='ltr'>πολλοὶ</span> 
     </span>
     <span class='ocr_line' id='line_1_5' title="bbox 196 1032 1298 1131; baseline 0 -25"><span class='ocrx_word' id='word_1_22' title='bbox 196 1038 287 1106; x_wconf 77' lang='grc' dir='ltr'>κακοί</span> <span class='ocrx_word' id='word_1_23' title='bbox 314 1037 427 1126; x_wconf 89' lang='grc' dir='ltr'>όλίγοι</span> <span class='ocrx_word' id='word_1_24' title='bbox 454 1032 488 1105; x_wconf 78' lang='grc' dir='ltr'>δέ</span> <span class='ocrx_word' id='word_1_25' title='bbox 513 1034 648 1126; x_wconf 82' lang='grc' dir='ltr'>ἀγαθοί.</span> <span class='ocrx_word' id='word_1_26' title='bbox 700 1037 862 1130; x_wconf 77' lang='grc' dir='ltr'>αἱρεῦνται</span> <span class='ocrx_word' id='word_1_27' title='bbox 890 1033 958 1131; x_wconf 82' lang='grc' dir='ltr'>γὰρ</span> <span class='ocrx_word' id='word_1_28' title='bbox 980 1034 1015 1105; x_wconf 76' lang='grc' dir='ltr'>ἓν</span> <span class='ocrx_word' id='word_1_29' title='bbox 1041 1034 1139 1106; x_wconf 84' lang='grc' dir='ltr'>ἆντῖα</span> <span class='ocrx_word' id='word_1_30' title='bbox 1165 1032 1298 1108; x_wconf 90' lang='grc' dir='ltr'>ποίντων</span> 
     </span>
     <span class='ocr_line' id='line_1_6' title="bbox 196 1145 1296 1246; baseline 0.001 -27"><span class='ocrx_word' id='word_1_31' title='bbox 196 1151 229 1219; x_wconf 87' lang='grc' dir='ltr'>οῖ</span> <span class='ocrx_word' id='word_1_32' title='bbox 254 1147 400 1246; x_wconf 77' lang='grc' dir='ltr'>ἄριστοι,</span> <span class='ocrx_word' id='word_1_33' title='bbox 423 1147 517 1224; x_wconf 84' lang='grc' dir='ltr'>κλέος</span> <span class='ocrx_word' id='word_1_34' title='bbox 542 1146 816 1231; x_wconf 83' lang='grc' dir='ltr'>ἆέναονθνητῶν,</span> <span class='ocrx_word' id='word_1_35' title='bbox 840 1149 873 1216; x_wconf 82' lang='grc' dir='ltr'>οἱ</span> <span class='ocrx_word' id='word_1_36' title='bbox 897 1145 931 1218; x_wconf 79' lang='grc' dir='ltr'>δὲ</span> <span class='ocrx_word' id='word_1_37' title='bbox 957 1147 1084 1218; x_wconf 81' lang='grc' dir='ltr'>πολλοὶ</span> <span class='ocrx_word' id='word_1_38' title='bbox 1107 1149 1296 1246; x_wconf 87' lang='grc' dir='ltr'>κεκόρηνται</span> 
     </span>
     <span class='ocr_line' id='line_1_7' title="bbox 197 1261 502 1357; baseline 0 -27"><span class='ocrx_word' id='word_1_39' title='bbox 197 1261 349 1357; x_wconf 84' lang='grc' dir='ltr'>ὅκωσπερ</span> <span class='ocrx_word' id='word_1_40' title='bbox 375 1264 502 1343; x_wconf 90' lang='grc' dir='ltr'>κτήνεα.</span> 
     </span>
    </p>
   </div>
   <div class='ocr_carea' id='block_1_4' title="bbox 693 1450 801 1514">
    <p class='ocr_par' dir='ltr' id='par_1_4' title="bbox 693 1450 801 1514">
     <span class='ocr_line' id='line_1_8' title="bbox 693 1450 801 1514; baseline 0 0"><span class='ocrx_word' id='word_1_41' title='bbox 693 1450 801 1514; x_wconf 84' lang='grc' dir='ltr'><strong>ΟΧΙΙ.</strong></span> 
     </span>
    </p>
   </div>
   <div class='ocr_carea' id='block_1_5' title="bbox 194 1594 1295 1698">
    <p class='ocr_par' dir='ltr' id='par_1_5' title="bbox 194 1594 1295 1698">
     <span class='ocr_line' id='line_1_9' title="bbox 194 1594 1295 1698; baseline 0.003 -30"><span class='ocrx_word' id='word_1_42' title='bbox 194 1598 261 1669; x_wconf 86' lang='grc' dir='ltr'>Ἐν</span> <span class='ocrx_word' id='word_1_43' title='bbox 285 1598 412 1698; x_wconf 85' lang='grc' dir='ltr'>Πριήνη</span> <span class='ocrx_word' id='word_1_44' title='bbox 432 1598 516 1674; x_wconf 89' lang='grc' dir='ltr'>Βίας</span> <span class='ocrx_word' id='word_1_45' title='bbox 539 1598 671 1688; x_wconf 83' lang='grc' dir='ltr'>ἐγένετο</span> <span class='ocrx_word' id='word_1_46' title='bbox 696 1599 714 1667; x_wconf 91' lang='grc' dir='ltr'>ὁ</span> <span class='ocrx_word' id='word_1_47' title='bbox 739 1594 928 1684; x_wconf 79' lang='grc' dir='ltr'>Τευτάμεω,</span> <span class='ocrx_word' id='word_1_48' title='bbox 949 1599 987 1672; x_wconf 80' lang='grc' dir='ltr'>οδ</span> <span class='ocrx_word' id='word_1_49' title='bbox 1012 1599 1120 1671; x_wconf 81' lang='grc' dir='ltr'>πλέων</span> <span class='ocrx_word' id='word_1_50' title='bbox 1145 1600 1252 1694; x_wconf 90' lang='grc' dir='ltr'>λόγος</span> <span class='ocrx_word' id='word_1_51' title='bbox 1277 1601 1295 1684; x_wconf 77' lang='grc' dir='ltr'>’ή</span> 
     </span>
    </p>
   </div>
   <div class='ocr_carea' id='block_1_6' title="bbox 195 1710 406 1784">
    <p class='ocr_par' dir='ltr' id='par_1_6' title="bbox 195 1710 406 1784">
     <span class='ocr_line' id='line_1_10' title="bbox 195 1710 406 1784; baseline -0.009 0"><span class='ocrx_word' id='word_1_52' title='bbox 195 1717 261 1784; x_wconf 83' lang='grc' dir='ltr'>τῶν</span> <span class='ocrx_word' id='word_1_53' title='bbox 284 1710 406 1782; x_wconf 80' lang='grc' dir='ltr'>ἄλλων.</span> 
     </span>
    </p>
   </div>
   <div class='ocr_carea' id='block_1_7' title="bbox 114 2015 1373 3868">
    <p class='ocr_par' dir='ltr' id='par_1_7' title="bbox 114 2015 1298 3468">
     <span class='ocr_line' id='line_1_11' title="bbox 120 2015 1296 2106; baseline -0.002 -30"><span class='ocrx_word' id='word_1_54' title='bbox 120 2091 128 2106; x_wconf 92' lang='lat'><strong>.</strong></span> <span class='ocrx_word' id='word_1_55' title='bbox 236 2033 298 2076; x_wconf 75' lang='lat' dir='ltr'>cn.</span> <span class='ocrx_word' id='word_1_56' title='bbox 321 2017 454 2078; x_wconf 78' lang='lat' dir='ltr'><strong>Clemens</strong></span> <span class='ocrx_word' id='word_1_57' title='bbox 477 2015 566 2075; x_wconf 84' lang='lat' dir='ltr'><strong>Alex.</strong></span> <span class='ocrx_word' id='word_1_58' title='bbox 593 2015 700 2076; x_wconf 64' lang='grc' dir='ltr'>δίκαια.</span> <span class='ocrx_word' id='word_1_59' title='bbox 719 2035 747 2075; x_wconf 81' lang='lat' dir='ltr'><strong>v.</strong></span> <span class='ocrx_word' id='word_1_60' title='bbox 764 2034 791 2090; x_wconf 85' lang='lat'>9,</span> <span class='ocrx_word' id='word_1_61' title='bbox 810 2035 840 2092; x_wconf 89' lang='lat' dir='ltr'>p.</span> <span class='ocrx_word' id='word_1_62' title='bbox 856 2018 933 2074; x_wconf 81' lang='lat'><strong>682:</strong></span> <span class='ocrx_word' id='word_1_63' title='bbox 963 2022 989 2074; x_wconf 73' lang='lat' dir='ltr'>al</span> <span class='ocrx_word' id='word_1_64' title='bbox 1012 2022 1076 2092; x_wconf 82' lang='grc' dir='ltr'>γοῦν</span> <span class='ocrx_word' id='word_1_65' title='bbox 1099 2019 1179 2075; x_wconf 79' lang='grc' dir='ltr'>Ἰάδες</span> <span class='ocrx_word' id='word_1_66' title='bbox 1200 2022 1296 2089; x_wconf 80' lang='grc' dir='ltr'>μοῦσαι</span> 
     </span>
     <span class='ocr_line' id='line_1_12' title="bbox 194 2115 1297 2191; baseline -0.002 -18"><span class='ocrx_word' id='word_1_67' title='bbox 194 2117 331 2191; x_wconf 79' lang='grc' dir='ltr'>διαρρήδην</span> <span class='ocrx_word' id='word_1_68' title='bbox 352 2118 462 2190; x_wconf 66' lang='grc' dir='ltr'>λέγουσι</span> <span class='ocrx_word' id='word_1_69' title='bbox 486 2117 546 2175; x_wconf 78' lang='grc' dir='ltr'>τοὺς</span> <span class='ocrx_word' id='word_1_70' title='bbox 568 2119 615 2188; x_wconf 80' lang='grc' dir='ltr'>μὲν</span> <span class='ocrx_word' id='word_1_71' title='bbox 637 2116 753 2173; x_wconf 81' lang='grc' dir='ltr'>πολλοὺς</span> <span class='ocrx_word' id='word_1_72' title='bbox 776 2117 818 2171; x_wconf 83' lang='grc' dir='ltr'>καί</span> <span class='ocrx_word' id='word_1_73' title='bbox 841 2116 1036 2189; x_wconf 76' lang='grc' dir='ltr'>δοκησισόφονς</span> <span class='ocrx_word' id='word_1_74' title='bbox 1061 2115 1147 2188; x_wconf 82' lang='grc' dir='ltr'>δήμων</span> <span class='ocrx_word' id='word_1_75' title='bbox 1169 2117 1297 2172; x_wconf 79' lang='grc' dir='ltr'>δοιδοῖσιν</span> 
     </span>
     <span class='ocr_line' id='line_1_13' title="bbox 195 2212 1295 2288; baseline -0.001 -16"><span class='ocrx_word' id='word_1_76' title='bbox 195 2215 303 2272; x_wconf 78' lang='grc' dir='ltr'>ἕπεσθαι</span> <span class='ocrx_word' id='word_1_77' title='bbox 323 2216 364 2270; x_wconf 79' lang='grc' dir='ltr'>καί</span> <span class='ocrx_word' id='word_1_78' title='bbox 384 2219 487 2286; x_wconf 85' lang='grc' dir='ltr'>νόμοισι</span> <span class='ocrx_word' id='word_1_79' title='bbox 507 2213 638 2288; x_wconf 77' lang='grc' dir='ltr'>χρίεσθαι,</span> <span class='ocrx_word' id='word_1_80' title='bbox 661 2215 760 2271; x_wconf 77' lang='grc' dir='ltr'>εἰδότας</span> <span class='ocrx_word' id='word_1_81' title='bbox 781 2212 821 2269; x_wconf 85' lang='grc' dir='ltr'>ότι</span> <span class='ocrx_word' id='word_1_82' title='bbox 841 2212 937 2270; x_wconf 83' lang='grc' dir='ltr'>πολλοί</span> <span class='ocrx_word' id='word_1_83' title='bbox 956 2216 1028 2270; x_wconf 79' lang='grc' dir='ltr'>κακοί</span> <span class='ocrx_word' id='word_1_84' title='bbox 1044 2213 1129 2288; x_wconf 86' lang='grc' dir='ltr'>δλίγοι</span> <span class='ocrx_word' id='word_1_85' title='bbox 1148 2215 1177 2270; x_wconf 81' lang='grc' dir='ltr'>δέ</span> <span class='ocrx_word' id='word_1_86' title='bbox 1195 2214 1295 2288; x_wconf 74' lang='grc' dir='ltr'>ἀγαθοί.</span> 
     </span>
     <span class='ocr_line' id='line_1_14' title="bbox 194 2310 1297 2387; baseline -0.001 -18"><span class='ocrx_word' id='word_1_87' title='bbox 194 2315 255 2371; x_wconf 84' lang='grc' dir='ltr'>τοὺς</span> <span class='ocrx_word' id='word_1_88' title='bbox 274 2313 397 2387; x_wconf 75' lang='grc' dir='ltr'>ἀρίστους</span> <span class='ocrx_word' id='word_1_89' title='bbox 417 2314 445 2368; x_wconf 78' lang='grc' dir='ltr'>δέ</span> <span class='ocrx_word' id='word_1_90' title='bbox 469 2315 500 2369; x_wconf 85' lang='grc' dir='ltr'>τὸ</span> <span class='ocrx_word' id='word_1_91' title='bbox 520 2313 594 2371; x_wconf 82' lang='grc' dir='ltr'>κλέος</span> <span class='ocrx_word' id='word_1_92' title='bbox 616 2313 789 2382; x_wconf 74' lang='grc' dir='ltr'>μεταδιώκειν.</span> <span class='ocrx_word' id='word_1_93' title='bbox 824 2315 969 2384; x_wconf 84' lang='grc' dir='ltr'>Αίρεῦνται</span> <span class='ocrx_word' id='word_1_94' title='bbox 983 2313 1042 2386; x_wconf 81' lang='grc' dir='ltr'>γάρ,</span> <span class='ocrx_word' id='word_1_95' title='bbox 1063 2310 1153 2386; x_wconf 84' lang='grc' dir='ltr'>φησίν,</span> <span class='ocrx_word' id='word_1_96' title='bbox 1174 2311 1201 2367; x_wconf 74' lang='grc' dir='ltr'>ἓν</span> <span class='ocrx_word' id='word_1_97' title='bbox 1223 2313 1297 2368; x_wconf 79' lang='grc' dir='ltr'>ἀντία</span> 
     </span>
     <span class='ocr_line' id='line_1_15' title="bbox 194 2410 1295 2486; baseline -0.002 -18"><span class='ocrx_word' id='word_1_98' title='bbox 194 2414 296 2468; x_wconf 75' lang='grc' dir='ltr'>πάντων</span> <span class='ocrx_word' id='word_1_99' title='bbox 305 2415 330 2468; x_wconf 90' lang='grc' dir='ltr'>σί</span> <span class='ocrx_word' id='word_1_100' title='bbox 342 2413 444 2486; x_wconf 74' lang='grc' dir='ltr'>ἄριστοι</span> <span class='ocrx_word' id='word_1_101' title='bbox 457 2411 532 2469; x_wconf 88' lang='grc' dir='ltr'>κλέος</span> <span class='ocrx_word' id='word_1_102' title='bbox 545 2411 634 2466; x_wconf 78' lang='grc' dir='ltr'>ἀέναον</span> <span class='ocrx_word' id='word_1_103' title='bbox 648 2411 752 2481; x_wconf 80' lang='grc' dir='ltr'>θνητῶν,</span> <span class='ocrx_word' id='word_1_104' title='bbox 766 2413 791 2466; x_wconf 90' lang='grc' dir='ltr'>οί</span> <span class='ocrx_word' id='word_1_105' title='bbox 804 2411 833 2466; x_wconf 82' lang='grc' dir='ltr'>δέ</span> <span class='ocrx_word' id='word_1_106' title='bbox 846 2412 943 2467; x_wconf 82' lang='grc' dir='ltr'>πολλοί</span> <span class='ocrx_word' id='word_1_107' title='bbox 957 2414 1104 2484; x_wconf 75' lang='grc' dir='ltr'>κεκόρηνπαε</span> <span class='ocrx_word' id='word_1_108' title='bbox 1117 2411 1187 2469; x_wconf 81' lang='grc' dir='ltr'>ὅπως</span> <span class='ocrx_word' id='word_1_109' title='bbox 1198 2410 1295 2482; x_wconf 81' lang='grc' dir='ltr'>κτήνεα,</span> 
     </span>
     <span class='ocr_line' id='line_1_16' title="bbox 114 2508 1296 2588; baseline -0.001 -22"><span class='ocrx_word' id='word_1_110' title='bbox 114 2519 121 2536; x_wconf 84' lang='lat'><em>⁰</em></span> <span class='ocrx_word' id='word_1_111' title='bbox 194 2513 290 2588; x_wconf 76' lang='grc' dir='ltr'>γαστρί</span> <span class='ocrx_word' id='word_1_112' title='bbox 309 2511 350 2566; x_wconf 78' lang='grc' dir='ltr'>καὶ</span> <span class='ocrx_word' id='word_1_113' title='bbox 367 2510 471 2568; x_wconf 81' lang='grc' dir='ltr'>αἰδοίοις</span> <span class='ocrx_word' id='word_1_114' title='bbox 489 2510 600 2567; x_wconf 77' lang='grc' dir='ltr'>καὶτοῖς</span> <span class='ocrx_word' id='word_1_115' title='bbox 619 2510 769 2582; x_wconf 84' lang='grc' dir='ltr'>αίσχίστοις</span> <span class='ocrx_word' id='word_1_116' title='bbox 785 2515 836 2574; x_wconf 83' lang='grc' dir='ltr'>τῶν</span> <span class='ocrx_word' id='word_1_117' title='bbox 849 2510 877 2565; x_wconf 80' lang='grc' dir='ltr'>έν</span> <span class='ocrx_word' id='word_1_118' title='bbox 890 2508 950 2581; x_wconf 84' lang='grc' dir='ltr'>ἡμῖν</span> <span class='ocrx_word' id='word_1_119' title='bbox 964 2508 1137 2583; x_wconf 83' lang='grc' dir='ltr'>μετρήσαντες</span> <span class='ocrx_word' id='word_1_120' title='bbox 1153 2509 1200 2580; x_wconf 87' lang='grc' dir='ltr'>τὴν</span> <span class='ocrx_word' id='word_1_121' title='bbox 1213 2510 1296 2565; x_wconf 77' lang='grc' dir='ltr'>εὕδοι·</span> 
     </span>
     <span class='ocr_line' id='line_1_17' title="bbox 193 2604 1295 2687; baseline 0.002 -23"><span class='ocrx_word' id='word_1_122' title='bbox 193 2610 284 2681; x_wconf 82' lang='grc' dir='ltr'>μανίαν</span> <span class='ocrx_word' id='word_1_123' title='bbox 297 2606 441 2687; x_wconf 75' lang='lat' dir='ltr'><strong>(extreme</strong></span> <span class='ocrx_word' id='word_1_124' title='bbox 456 2604 631 2666; x_wconf 75' lang='lat' dir='ltr'><strong>Heracliteis</strong></span> <span class='ocrx_word' id='word_1_125' title='bbox 644 2627 660 2664; x_wconf 92' lang='lat' dir='ltr'><strong>e</strong></span> <span class='ocrx_word' id='word_1_126' title='bbox 675 2605 826 2665; x_wconf 79' lang='lat' dir='ltr'><strong>Demosth.</strong></span> <span class='ocrx_word' id='word_1_127' title='bbox 843 2605 879 2665; x_wconf 88' lang='lat' dir='ltr'>de</span> <span class='ocrx_word' id='word_1_128' title='bbox 894 2605 960 2666; x_wconf 74' lang='lat' dir='ltr'><strong>(lor.</strong></span> <span class='ocrx_word' id='word_1_129' title='bbox 976 2627 1004 2684; x_wconf 90' lang='lat' dir='ltr'>p.</span> <span class='ocrx_word' id='word_1_130' title='bbox 1020 2626 1078 2683; x_wconf 81' lang='lat'>324</span> <span class='ocrx_word' id='word_1_131' title='bbox 1093 2605 1295 2679; x_wconf 72' lang='lat' dir='ltr'><strong>adhaeserunt,</strong></span> 
     </span>
     <span class='ocr_line' id='line_1_18' title="bbox 194 2701 1295 2784; baseline 0 -20"><span class='ocrx_word' id='word_1_132' title='bbox 194 2710 229 2765; x_wconf 75' lang='lat' dir='ltr'>ut</span> <span class='ocrx_word' id='word_1_133' title='bbox 243 2705 330 2764; x_wconf 74' lang='lat' dir='ltr'><strong>etiam</strong></span> <span class='ocrx_word' id='word_1_134' title='bbox 348 2705 426 2783; x_wconf 78' lang='lat' dir='ltr'><strong>apud</strong></span> <span class='ocrx_word' id='word_1_135' title='bbox 440 2704 547 2763; x_wconf 85' lang='lat' dir='ltr'><strong>Euseb.</strong></span> <span class='ocrx_word' id='word_1_136' title='bbox 563 2705 594 2763; x_wconf 93' lang='lat' dir='ltr'>P.</span> <span class='ocrx_word' id='word_1_137' title='bbox 609 2704 643 2762; x_wconf 87' lang='grc' dir='ltr'>Ε.</span> <span class='ocrx_word' id='word_1_138' title='bbox 660 2703 700 2762; x_wconf 71' lang='lat' dir='ltr'>ni.</span> <span class='ocrx_word' id='word_1_139' title='bbox 718 2707 766 2778; x_wconf 81' lang='lat'>28,</span> <span class='ocrx_word' id='word_1_140' title='bbox 779 2724 807 2782; x_wconf 87' lang='lat' dir='ltr'>p.</span> <span class='ocrx_word' id='word_1_141' title='bbox 824 2701 1056 2782; x_wconf 78' lang='lat' dir='ltr'><strong>556)—Str0m.</strong></span> <span class='ocrx_word' id='word_1_142' title='bbox 1072 2706 1112 2766; x_wconf 85' lang='lat' dir='ltr'><strong>iv.</strong></span> <span class='ocrx_word' id='word_1_143' title='bbox 1128 2719 1154 2782; x_wconf 82' lang='lat'>7,</span> <span class='ocrx_word' id='word_1_144' title='bbox 1169 2725 1198 2784; x_wconf 92' lang='lat' dir='ltr'>p.</span> <span class='ocrx_word' id='word_1_145' title='bbox 1215 2708 1295 2780; x_wconf 89' lang='lat'>586:</span> 
     </span>
     <span class='ocr_line' id='line_1_19' title="bbox 195 2803 1296 2879; baseline 0.001 -18"><span class='ocrx_word' id='word_1_146' title='bbox 195 2805 329 2861; x_wconf 77' lang='grc' dir='ltr'>κάντεῦθεν</span> <span class='ocrx_word' id='word_1_147' title='bbox 342 2805 511 2879; x_wconf 84' lang='grc' dir='ltr'>Ἡράκλειτος</span> <span class='ocrx_word' id='word_1_148' title='bbox 529 2803 556 2860; x_wconf 83' lang='grc' dir='ltr'>έν</span> <span class='ocrx_word' id='word_1_149' title='bbox 574 2804 630 2860; x_wconf 80' lang='grc' dir='ltr'>ἄντί</span> <span class='ocrx_word' id='word_1_150' title='bbox 647 2805 750 2860; x_wconf 86' lang='grc' dir='ltr'>πάντων</span> <span class='ocrx_word' id='word_1_151' title='bbox 767 2805 843 2862; x_wconf 87' lang='grc' dir='ltr'>κλέος</span> <span class='ocrx_word' id='word_1_152' title='bbox 860 2805 954 2877; x_wconf 80' lang='grc' dir='ltr'>ἡρεῖτο,</span> <span class='ocrx_word' id='word_1_153' title='bbox 968 2809 1022 2863; x_wconf 89' lang='grc' dir='ltr'>τοῖς</span> <span class='ocrx_word' id='word_1_154' title='bbox 1040 2807 1069 2862; x_wconf 75' lang='grc' dir='ltr'>δέ</span> <span class='ocrx_word' id='word_1_155' title='bbox 1087 2809 1197 2864; x_wconf 84' lang='grc' dir='ltr'>πολλοῖς</span> <span class='ocrx_word' id='word_1_156' title='bbox 1214 2829 1296 2879; x_wconf 62' lang='grc' dir='ltr'>τταραὰ</span> 
     </span>
     <span class='ocr_line' id='line_1_20' title="bbox 193 2901 1294 2981; baseline 0.003 -23"><span class='ocrx_word' id='word_1_157' title='bbox 193 2907 288 2978; x_wconf 86' lang='grc' dir='ltr'>χωρεῖν</span> <span class='ocrx_word' id='word_1_158' title='bbox 298 2906 422 2976; x_wconf 74' lang='grc' dir='ltr'>ὁμολογεῖ</span> <span class='ocrx_word' id='word_1_159' title='bbox 438 2902 590 2975; x_wconf 82' lang='grc' dir='ltr'>κεκορῆσθαι</span> <span class='ocrx_word' id='word_1_160' title='bbox 604 2903 654 2974; x_wconf 79' lang='grc' dir='ltr'>οὐχ</span> <span class='ocrx_word' id='word_1_161' title='bbox 667 2903 757 2976; x_wconf 76' lang='grc' dir='ltr'>ὥσπερ</span> <span class='ocrx_word' id='word_1_162' title='bbox 771 2901 1034 2972; x_wconf 71' lang='grc' dir='ltr'>κτήνεσι-Ρωοίιιε</span> <span class='ocrx_word' id='word_1_163' title='bbox 1047 2903 1080 2962; x_wconf 80' lang='lat' dir='ltr'>in</span> <span class='ocrx_word' id='word_1_164' title='bbox 1090 2901 1184 2962; x_wconf 79' lang='lat' dir='ltr'><strong>Alcib.</strong></span> <span class='ocrx_word' id='word_1_165' title='bbox 1195 2924 1224 2981; x_wconf 88' lang='lat' dir='ltr'>p.</span> <span class='ocrx_word' id='word_1_166' title='bbox 1237 2917 1294 2978; x_wconf 83' lang='lat'>255</span> 
     </span>
     <span class='ocr_line' id='line_1_21' title="bbox 194 2998 1296 3076; baseline -0.002 -16"><span class='ocrx_word' id='word_1_167' title='bbox 194 2999 429 3074; x_wconf 74' lang='lat' dir='ltr'><strong>Oreuzer.=525</strong></span> <span class='ocrx_word' id='word_1_168' title='bbox 444 2999 488 3059; x_wconf 72' lang='lat' dir='ltr'>ed.</span> <span class='ocrx_word' id='word_1_169' title='bbox 503 2998 590 3058; x_wconf 79' lang='lat' dir='ltr'><strong>Cous.</strong></span> <span class='ocrx_word' id='word_1_170' title='bbox 604 2999 646 3057; x_wconf 85' lang='lat' dir='ltr'>ii:</span> <span class='ocrx_word' id='word_1_171' title='bbox 669 3000 752 3073; x_wconf 78' lang='grc' dir='ltr'>ὀρθῶς</span> <span class='ocrx_word' id='word_1_172' title='bbox 769 3000 815 3057; x_wconf 85' lang='grc' dir='ltr'>οδν</span> <span class='ocrx_word' id='word_1_173' title='bbox 828 3004 869 3057; x_wconf 81' lang='grc' dir='ltr'>καὶ</span> <span class='ocrx_word' id='word_1_174' title='bbox 888 3006 902 3058; x_wconf 86' lang='grc' dir='ltr'>δ</span> <span class='ocrx_word' id='word_1_175' title='bbox 920 3006 1035 3076; x_wconf 79' lang='grc' dir='ltr'>γενναῖος</span> <span class='ocrx_word' id='word_1_176' title='bbox 1046 3002 1215 3076; x_wconf 82' lang='grc' dir='ltr'>Ἡράκλειτος</span> <span class='ocrx_word' id='word_1_177' title='bbox 1231 3005 1296 3060; x_wconf 85' lang='grc' dir='ltr'>ιῖπο-</span> 
     </span>
     <span class='ocr_line' id='line_1_22' title="bbox 194 3099 1295 3176; baseline 0.006 -21"><span class='ocrx_word' id='word_1_178' title='bbox 194 3101 338 3174; x_wconf 75' lang='grc' dir='ltr'>σκορακίζει</span> <span class='ocrx_word' id='word_1_179' title='bbox 356 3102 386 3155; x_wconf 89' lang='grc' dir='ltr'>τδ</span> <span class='ocrx_word' id='word_1_180' title='bbox 399 3100 498 3170; x_wconf 75' lang='grc' dir='ltr'>πλῆθος</span> <span class='ocrx_word' id='word_1_181' title='bbox 512 3101 546 3156; x_wconf 82' lang='grc' dir='ltr'>ὣς</span> <span class='ocrx_word' id='word_1_182' title='bbox 559 3099 635 3155; x_wconf 77' lang='grc' dir='ltr'>ἄνουν</span> <span class='ocrx_word' id='word_1_183' title='bbox 649 3101 689 3155; x_wconf 82' lang='grc' dir='ltr'>καί</span> <span class='ocrx_word' id='word_1_184' title='bbox 705 3099 856 3174; x_wconf 79' lang='grc' dir='ltr'>ἀλόγιστον·</span> <span class='ocrx_word' id='word_1_185' title='bbox 879 3101 923 3159; x_wconf 87' lang='grc' dir='ltr'>Τίς</span> <span class='ocrx_word' id='word_1_186' title='bbox 939 3103 991 3175; x_wconf 77' lang='grc' dir='ltr'>γὰρ</span> <span class='ocrx_word' id='word_1_187' title='bbox 1007 3104 1096 3175; x_wconf 77' lang='grc' dir='ltr'>αὐτῶν,</span> <span class='ocrx_word' id='word_1_188' title='bbox 1111 3104 1189 3176; x_wconf 85' lang='grc' dir='ltr'>φησί,</span> <span class='ocrx_word' id='word_1_189' title='bbox 1206 3105 1264 3162; x_wconf 83' lang='grc' dir='ltr'>νόος</span> <span class='ocrx_word' id='word_1_190' title='bbox 1279 3103 1295 3174; x_wconf 79' lang='grc' dir='ltr'>ή</span> 
     </span>
     <span class='ocr_line' id='line_1_23' title="bbox 193 3196 1298 3276; baseline 0.005 -23"><span class='ocrx_word' id='word_1_191' title='bbox 193 3199 264 3273; x_wconf 85' lang='grc' dir='ltr'>φρὴν</span> <span class='ocrx_word' id='word_1_192' title='bbox 278 3197 364 3269; x_wconf 86' lang='grc' dir='ltr'>δήμων</span> <span class='ocrx_word' id='word_1_193' title='bbox 376 3199 462 3255; x_wconf 79' lang='grc' dir='ltr'>οίδοῦς</span> <span class='ocrx_word' id='word_1_194' title='bbox 481 3196 575 3268; x_wconf 78' lang='grc' dir='ltr'>ήπιόων</span> <span class='ocrx_word' id='word_1_195' title='bbox 592 3220 621 3253; x_wconf 90' lang='grc' dir='ltr'>τε</span> <span class='ocrx_word' id='word_1_196' title='bbox 639 3200 680 3253; x_wconf 79' lang='grc' dir='ltr'>καί</span> <span class='ocrx_word' id='word_1_197' title='bbox 700 3199 849 3274; x_wconf 81' lang='grc' dir='ltr'>διδασκάλῳ</span> <span class='ocrx_word' id='word_1_198' title='bbox 868 3204 962 3272; x_wconf 78' lang='grc' dir='ltr'>χρειῶν</span> <span class='ocrx_word' id='word_1_199' title='bbox 978 3223 1007 3256; x_wconf 91' lang='grc' dir='ltr'>τε</span> <span class='ocrx_word' id='word_1_200' title='bbox 1028 3199 1120 3276; x_wconf 86' lang='grc' dir='ltr'>δμίλῳ,</span> <span class='ocrx_word' id='word_1_201' title='bbox 1136 3203 1182 3256; x_wconf 79' lang='grc' dir='ltr'>οὐκ</span> <span class='ocrx_word' id='word_1_202' title='bbox 1201 3203 1298 3260; x_wconf 83' lang='grc' dir='ltr'>εῖδότες</span> 
     </span>
     <span class='ocr_line' id='line_1_24' title="bbox 193 3295 1296 3371; baseline 0.004 -19"><span class='ocrx_word' id='word_1_203' title='bbox 193 3296 234 3352; x_wconf 80' lang='grc' dir='ltr'>ὅτι</span> <span class='ocrx_word' id='word_1_204' title='bbox 248 3299 273 3352; x_wconf 85' lang='lat' dir='ltr'>el</span> <span class='ocrx_word' id='word_1_205' title='bbox 291 3297 388 3352; x_wconf 85' lang='grc' dir='ltr'>πολλοί</span> <span class='ocrx_word' id='word_1_206' title='bbox 406 3297 485 3365; x_wconf 78' lang='grc' dir='ltr'>κακοὶ,</span> <span class='ocrx_word' id='word_1_207' title='bbox 500 3295 586 3369; x_wconf 84' lang='grc' dir='ltr'>ὀλίγαι</span> <span class='ocrx_word' id='word_1_208' title='bbox 604 3296 633 3351; x_wconf 79' lang='grc' dir='ltr'>δέ</span> <span class='ocrx_word' id='word_1_209' title='bbox 651 3296 744 3369; x_wconf 79' lang='grc' dir='ltr'>ἀγαθοί</span> <span class='ocrx_word' id='word_1_210' title='bbox 754 3313 763 3367; x_wconf 80' lang='grc'><strong>;</strong></span> <span class='ocrx_word' id='word_1_211' title='bbox 786 3300 891 3352; x_wconf 85' lang='grc' dir='ltr'>τοιαῦτα</span> <span class='ocrx_word' id='word_1_212' title='bbox 909 3297 956 3367; x_wconf 78' lang='grc' dir='ltr'>μέν</span> <span class='ocrx_word' id='word_1_213' title='bbox 969 3301 984 3351; x_wconf 89' lang='grc' dir='ltr'>δ</span> <span class='ocrx_word' id='word_1_214' title='bbox 996 3297 1173 3371; x_wconf 80' lang='grc' dir='ltr'>Ἡράκλειτος·</span> <span class='ocrx_word' id='word_1_215' title='bbox 1196 3301 1236 3355; x_wconf 89' lang='grc' dir='ltr'>διδ</span> <span class='ocrx_word' id='word_1_216' title='bbox 1255 3303 1296 3356; x_wconf 82' lang='grc' dir='ltr'>καί</span> 
     </span>
     <span class='ocr_line' id='line_1_25' title="bbox 193 3392 874 3468; baseline 0.001 -16"><span class='ocrx_word' id='word_1_217' title='bbox 193 3400 208 3452; x_wconf 89' lang='grc' dir='ltr'>δ</span> <span class='ocrx_word' id='word_1_218' title='bbox 223 3396 404 3468; x_wconf 85' lang='grc' dir='ltr'>σιλλογράφος</span> <span class='ocrx_word' id='word_1_219' title='bbox 418 3392 604 3468; x_wconf 86' lang='grc' dir='ltr'>δχλολοίδορον</span> <span class='ocrx_word' id='word_1_220' title='bbox 617 3396 694 3450; x_wconf 80' lang='grc' dir='ltr'>αδτδν</span> <span class='ocrx_word' id='word_1_221' title='bbox 706 3394 874 3454; x_wconf 82' lang='grc' dir='ltr'>ἀπεκόλεσεν.</span> 
     </span>
    </p>

    <p class='ocr_par' dir='ltr' id='par_1_8' title="bbox 170 3489 1373 3868">
     <span class='ocr_line' id='line_1_26' title="bbox 234 3489 1295 3570; baseline 0 -18"><span class='ocrx_word' id='word_1_222' title='bbox 234 3509 310 3552; x_wconf 79' lang='lat' dir='ltr'><strong>oxu.</strong></span> <span class='ocrx_word' id='word_1_223' title='bbox 333 3492 479 3570; x_wconf 81' lang='lat' dir='ltr'>Diogenes</span> <span class='ocrx_word' id='word_1_224' title='bbox 493 3490 590 3551; x_wconf 79' lang='lat' dir='ltr'><strong>Laert.</strong></span> <span class='ocrx_word' id='word_1_225' title='bbox 605 3489 627 3552; x_wconf 85' lang='lat' dir='ltr'><strong>i.</strong></span> <span class='ocrx_word' id='word_1_226' title='bbox 641 3494 699 3550; x_wconf 90' lang='lat'>88:</span> <span class='ocrx_word' id='word_1_227' title='bbox 725 3493 766 3548; x_wconf 81' lang='grc' dir='ltr'>καὶ</span> <span class='ocrx_word' id='word_1_228' title='bbox 787 3497 802 3548; x_wconf 87' lang='grc' dir='ltr'>ὁ</span> <span class='ocrx_word' id='word_1_229' title='bbox 819 3494 981 3566; x_wconf 85' lang='grc' dir='ltr'>δυσάρεστος</span> <span class='ocrx_word' id='word_1_230' title='bbox 999 3493 1166 3568; x_wconf 81' lang='grc' dir='ltr'>Ἡράκλειτος</span> <span class='ocrx_word' id='word_1_231' title='bbox 1179 3497 1295 3567; x_wconf 80' lang='grc' dir='ltr'>μάλιστα</span> 
     </span>
     <span class='ocr_line' id='line_1_27' title="bbox 194 3577 1373 3666; baseline 0.002 -18"><span class='ocrx_word' id='word_1_232' title='bbox 194 3594 270 3648; x_wconf 81' lang='grc' dir='ltr'>αὐτὸν</span> <span class='ocrx_word' id='word_1_233' title='bbox 293 3592 402 3663; x_wconf 81' lang='grc' dir='ltr'>έπήνεσε</span> <span class='ocrx_word' id='word_1_234' title='bbox 423 3591 539 3666; x_wconf 73' lang='grc' dir='ltr'>γράψας·</span> <span class='ocrx_word' id='word_1_235' title='bbox 563 3591 609 3647; x_wconf 82' lang='grc' dir='ltr'>Ἐν</span> <span class='ocrx_word' id='word_1_236' title='bbox 629 3590 727 3665; x_wconf 86' lang='grc' dir='ltr'>Πριήνη</span> <span class='ocrx_word' id='word_1_237' title='bbox 749 3590 810 3650; x_wconf 86' lang='grc' dir='ltr'>Βίας</span> <span class='ocrx_word' id='word_1_238' title='bbox 833 3592 934 3666; x_wconf 76' lang='grc' dir='ltr'>ἐγένετο</span> <span class='ocrx_word' id='word_1_239' title='bbox 956 3596 971 3648; x_wconf 90' lang='grc' dir='ltr'>δ</span> <span class='ocrx_word' id='word_1_240' title='bbox 992 3591 1134 3664; x_wconf 75' lang='grc' dir='ltr'>Ταντάμεω,</span> <span class='ocrx_word' id='word_1_241' title='bbox 1157 3593 1188 3648; x_wconf 76' lang='grc' dir='ltr'>οδ</span> <span class='ocrx_word' id='word_1_242' title='bbox 1208 3577 1296 3650; x_wconf 76' lang='grc' dir='ltr'>πλέον</span> <span class='ocrx_word' id='word_1_243' title='bbox 1366 3583 1373 3590; x_wconf 44' lang='grc'>’</span> 
     </span>
     <span class='ocr_line' id='line_1_28' title="bbox 170 3684 1295 3766; baseline 0.004 -21"><span class='ocrx_word' id='word_1_244' title='bbox 170 3733 174 3758; x_wconf 91' lang='grc'>,</span> <span class='ocrx_word' id='word_1_245' title='bbox 191 3693 270 3765; x_wconf 80' lang='grc' dir='ltr'>λόγος</span> <span class='ocrx_word' id='word_1_246' title='bbox 283 3691 298 3762; x_wconf 76' lang='grc' dir='ltr'>δ</span> <span class='ocrx_word' id='word_1_247' title='bbox 312 3697 362 3747; x_wconf 85' lang='grc' dir='ltr'>τῶν</span> <span class='ocrx_word' id='word_1_248' title='bbox 375 3690 470 3749; x_wconf 79' lang='grc' dir='ltr'>ἄλλων.</span> <span class='ocrx_word' id='word_1_249' title='bbox 493 3692 534 3746; x_wconf 80' lang='grc' dir='ltr'>καί</span> <span class='ocrx_word' id='word_1_250' title='bbox 549 3693 574 3746; x_wconf 91' lang='grc' dir='ltr'>οί</span> <span class='ocrx_word' id='word_1_251' title='bbox 591 3694 709 3764; x_wconf 79' lang='grc' dir='ltr'>Πριηνεῖς</span> <span class='ocrx_word' id='word_1_252' title='bbox 730 3691 758 3746; x_wconf 79' lang='grc' dir='ltr'>δέ</span> <span class='ocrx_word' id='word_1_253' title='bbox 777 3692 845 3766; x_wconf 73' lang='grc' dir='ltr'>αὐτῷ</span> <span class='ocrx_word' id='word_1_254' title='bbox 857 3691 961 3762; x_wconf 83' lang='grc' dir='ltr'>τέμενος</span> <span class='ocrx_word' id='word_1_255' title='bbox 979 3684 1139 3766; x_wconf 86' lang='grc' dir='ltr'>καθιέρωσαν</span> <span class='ocrx_word' id='word_1_256' title='bbox 1156 3696 1186 3749; x_wconf 89' lang='grc' dir='ltr'>τδ</span> <span class='ocrx_word' id='word_1_257' title='bbox 1200 3693 1295 3750; x_wconf 85' lang='grc' dir='ltr'>Τευτό-</span> 
     </span>
     <span class='ocr_line' id='line_1_29' title="bbox 192 3788 929 3868; baseline 0.003 -25"><span class='ocrx_word' id='word_1_258' title='bbox 192 3810 265 3868; x_wconf 75' lang='grc' dir='ltr'>μειον</span> <span class='ocrx_word' id='word_1_259' title='bbox 277 3792 425 3862; x_wconf 87' lang='grc' dir='ltr'>λεγόμενον.</span> <span class='ocrx_word' id='word_1_260' title='bbox 453 3788 647 3862; x_wconf 75' lang='grc' dir='ltr'>ἀπεφθέγξατο·</span> <span class='ocrx_word' id='word_1_261' title='bbox 669 3791 701 3844; x_wconf 85' lang='lat' dir='ltr'>Ol</span> <span class='ocrx_word' id='word_1_262' title='bbox 714 3791 836 3845; x_wconf 87' lang='grc' dir='ltr'>πλεῖστοι</span> <span class='ocrx_word' id='word_1_263' title='bbox 850 3791 929 3850; x_wconf 88' lang='grc' dir='ltr'>κακοί.</span> 
     </span>
    </p>
   </div>
   <div class='ocr_carea' id='block_1_8' title="bbox 191 4036 1294 4339">
    <p class='ocr_par' dir='ltr' id='par_1_9' title="bbox 191 4036 1294 4339">
     <span class='ocr_line' id='line_1_30' title="bbox 225 4036 1293 4104; baseline -0.001 -14"><span class='ocrx_word' id='word_1_264' title='bbox 225 4051 278 4090; x_wconf 76' lang='lat'><strong>011.</strong></span> <span class='ocrx_word' id='word_1_265' title='bbox 296 4039 340 4090; x_wconf 73' lang='lat' dir='ltr'>Ite</span> <span class='ocrx_word' id='word_1_266' title='bbox 351 4039 403 4090; x_wconf 69' lang='lat' dir='ltr'>fere</span> <span class='ocrx_word' id='word_1_267' title='bbox 414 4038 553 4090; x_wconf 73' lang='lat' dir='ltr'><strong>orationem</strong></span> <span class='ocrx_word' id='word_1_268' title='bbox 563 4037 675 4090; x_wconf 68' lang='lat' dir='ltr'><strong>restituit</strong></span> <span class='ocrx_word' id='word_1_269' title='bbox 685 4036 838 4104; x_wconf 75' lang='lat' dir='ltr'><strong>Bemysltn</strong></span> <span class='ocrx_word' id='word_1_270' title='bbox 849 4036 972 4088; x_wconf 67' lang='lat' dir='ltr'>Heracle.</span> <span class='ocrx_word' id='word_1_271' title='bbox 986 4039 1002 4088; x_wconf 93' lang='lat' dir='ltr'><strong>i.</strong></span> <span class='ocrx_word' id='word_1_272' title='bbox 1015 4056 1040 4103; x_wconf 92' lang='lat' dir='ltr'>p.</span> <span class='ocrx_word' id='word_1_273' title='bbox 1052 4052 1084 4102; x_wconf 78' lang='lat'>34</span> <span class='ocrx_word' id='word_1_274' title='bbox 1096 4055 1101 4088; x_wconf 94' lang='lat'>:</span> <span class='ocrx_word' id='word_1_275' title='bbox 1120 4037 1164 4088; x_wconf 73' lang='lat' dir='ltr'><strong>elil</strong></span> <span class='ocrx_word' id='word_1_276' title='bbox 1177 4038 1293 4104; x_wconf 80' lang='lat' dir='ltr'><strong>(Werfer,</strong></span> 
     </span>
     <span class='ocr_line' id='line_1_31' title="bbox 192 4116 1293 4179; baseline 0.002 -11"><span class='ocrx_word' id='word_1_277' title='bbox 192 4119 292 4178; x_wconf 75' lang='lat' dir='ltr'><strong>(louein,</strong></span> <span class='ocrx_word' id='word_1_278' title='bbox 314 4116 433 4179; x_wconf 63' lang='lat' dir='ltr'><strong>Lamalle)</strong></span> <span class='ocrx_word' id='word_1_279' title='bbox 453 4117 534 4166; x_wconf 74' lang='lat' dir='ltr'>aliter.</span> <span class='ocrx_word' id='word_1_280' title='bbox 609 4117 688 4164; x_wconf 76' lang='grc' dir='ltr'>αὐτῶν</span> <span class='ocrx_word' id='word_1_281' title='bbox 704 4132 752 4165; x_wconf 91' lang='lat' dir='ltr'><strong>om.</strong></span> <span class='ocrx_word' id='word_1_282' title='bbox 773 4117 879 4166; x_wconf 75' lang='lat' dir='ltr'><strong>Oreumr</strong></span> <span class='ocrx_word' id='word_1_283' title='bbox 897 4132 955 4166; x_wconf 88' lang='lat' dir='ltr'>eum</span> <span class='ocrx_word' id='word_1_284' title='bbox 971 4117 1098 4166; x_wconf 84' lang='lat' dir='ltr'><strong>nonnullis</strong></span> <span class='ocrx_word' id='word_1_285' title='bbox 1117 4117 1200 4166; x_wconf 85' lang='lat' dir='ltr'><strong>Procli</strong></span> <span class='ocrx_word' id='word_1_286' title='bbox 1219 4119 1293 4170; x_wconf 86' lang='lat' dir='ltr'><strong>codd.</strong></span> 
     </span>
     <span class='ocr_line' id='line_1_32' title="bbox 193 4192 1294 4260; baseline -0.001 -15"><span class='ocrx_word' id='word_1_287' title='bbox 193 4202 203 4256; x_wconf 92' lang='grc' dir='ltr'>ΙΙ</span> <span class='ocrx_word' id='word_1_288' title='bbox 216 4196 281 4260; x_wconf 77' lang='grc' dir='ltr'>φμὴν</span> <span class='ocrx_word' id='word_1_289' title='bbox 296 4194 391 4258; x_wconf 84' lang='grc' dir='ltr'>δαήμωυ</span> <span class='ocrx_word' id='word_1_290' title='bbox 406 4194 455 4252; x_wconf 83' lang='lat' dir='ltr'><strong>(vel</strong></span> <span class='ocrx_word' id='word_1_291' title='bbox 468 4192 582 4257; x_wconf 84' lang='grc' dir='ltr'>δαίμωυ);</span> <span class='ocrx_word' id='word_1_292' title='bbox 605 4194 703 4259; x_wconf 85' lang='lat' dir='ltr'>Bergk:</span> <span class='ocrx_word' id='word_1_293' title='bbox 724 4193 813 4243; x_wconf 76' lang='lat' dir='ltr'><strong>seclusi</strong></span> <span class='ocrx_word' id='word_1_294' title='bbox 829 4193 909 4256; x_wconf 81' lang='grc' dir='ltr'>δήμων</span> <span class='ocrx_word' id='word_1_295' title='bbox 926 4199 1047 4259; x_wconf 77' lang='lat' dir='ltr'><strong>tanquam</strong></span> <span class='ocrx_word' id='word_1_296' title='bbox 1061 4195 1294 4259; x_wconf 73' lang='lat' dir='ltr'>interpretationem</span> 
     </span>
     <span class='ocr_line' id='line_1_33' title="bbox 191 4270 1294 4339; baseline 0 -15"><span class='ocrx_word' id='word_1_297' title='bbox 191 4275 361 4339; x_wconf 74' lang='lat' dir='ltr'><strong>pmeeedentie</strong></span> <span class='ocrx_word' id='word_1_298' title='bbox 385 4273 467 4323; x_wconf 77' lang='grc' dir='ltr'>αὐτῶν</span> <span class='ocrx_word' id='word_1_299' title='bbox 510 4278 522 4332; x_wconf 93' lang='lat' dir='ltr'>ll</span> <span class='ocrx_word' id='word_1_300' title='bbox 534 4270 653 4336; x_wconf 78' lang='grc' dir='ltr'>Χρίυνται</span> <span class='ocrx_word' id='word_1_301' title='bbox 676 4273 789 4336; x_wconf 75' lang='lat' dir='ltr'><strong>Bemeys</strong></span> <span class='ocrx_word' id='word_1_302' title='bbox 811 4271 844 4320; x_wconf 82' lang='lat' dir='ltr'>de</span> <span class='ocrx_word' id='word_1_303' title='bbox 866 4273 930 4337; x_wconf 77' lang='lat' dir='ltr'><strong>Epp.</strong></span> <span class='ocrx_word' id='word_1_304' title='bbox 953 4273 1075 4324; x_wconf 71' lang='lat' dir='ltr'>Hemelil.</span> <span class='ocrx_word' id='word_1_305' title='bbox 1093 4290 1118 4337; x_wconf 93' lang='lat' dir='ltr'><strong>p.</strong></span> <span class='ocrx_word' id='word_1_306' title='bbox 1134 4283 1180 4337; x_wconf 73' lang='grc' dir='ltr'>ιη</span> <span class='ocrx_word' id='word_1_307' title='bbox 1206 4275 1294 4337; x_wconf 75' lang='grc' dir='ltr'>(ααίοα</span> 
     </span>
    </p>
   </div>
   <div class='ocr_carea' id='block_1_9' title="bbox 191 4348 1384 4416">
    <p class='ocr_par' dir='ltr' id='par_1_10' title="bbox 191 4348 1384 4416">
     <span class='ocr_line' id='line_1_34' title="bbox 191 4348 1384 4416; baseline 0 -14"><span class='ocrx_word' id='word_1_308' title='bbox 191 4353 250 4405; x_wconf 81' lang='lat' dir='ltr'><strong>fort.</strong></span> <span class='ocrx_word' id='word_1_309' title='bbox 267 4354 351 4403; x_wconf 83' lang='lat' dir='ltr'><strong>minus</strong></span> <span class='ocrx_word' id='word_1_310' title='bbox 366 4357 436 4403; x_wconf 74' lang='lat' dir='ltr'><strong>reete</strong></span> <span class='ocrx_word' id='word_1_311' title='bbox 450 4349 577 4416; x_wconf 80' lang='grc' dir='ltr'>χρίοντα)</span> <span class='ocrx_word' id='word_1_312' title='bbox 620 4350 674 4411; x_wconf 73' lang='grc' dir='ltr'>Ιὲν</span> <span class='ocrx_word' id='word_1_313' title='bbox 691 4348 762 4400; x_wconf 74' lang='grc' dir='ltr'>ἀντία</span> <span class='ocrx_word' id='word_1_314' title='bbox 780 4351 901 4415; x_wconf 70' lang='lat' dir='ltr'><strong>Berneyu,</strong></span> <span class='ocrx_word' id='word_1_315' title='bbox 921 4352 1047 4402; x_wconf 67' lang='lat' dir='ltr'><strong>Lamalle:</strong></span> <span class='ocrx_word' id='word_1_316' title='bbox 1074 4349 1101 4400; x_wconf 76' lang='lat' dir='ltr'>lv</span> <span class='ocrx_word' id='word_1_317' title='bbox 1118 4350 1174 4400; x_wconf 81' lang='grc' dir='ltr'>δντί</span> <span class='ocrx_word' id='word_1_318' title='bbox 1196 4353 1291 4402; x_wconf 70' lang='lat' dir='ltr'><strong>Cobet:</strong></span> <span class='ocrx_word' id='word_1_319' title='bbox 1381 4349 1384 4354; x_wconf 78' lang='lat'>&#39;</span> 
     </span>
    </p>
   </div>
   <div class='ocr_carea' id='block_1_10' title="bbox 192 4428 1292 4496">
    <p class='ocr_par' dir='ltr' id='par_1_11' title="bbox 192 4428 1292 4496">
     <span class='ocr_line' id='line_1_35' title="bbox 192 4428 1292 4496; baseline 0 -16"><span class='ocrx_word' id='word_1_320' title='bbox 192 4429 289 4481; x_wconf 70' lang='grc' dir='ltr'>ἐναντία</span> <span class='ocrx_word' id='word_1_321' title='bbox 304 4432 358 4482; x_wconf 87' lang='lat' dir='ltr'><strong>eod.</strong></span> <span class='ocrx_word' id='word_1_322' title='bbox 375 4433 468 4482; x_wconf 77' lang='lat' dir='ltr'><strong>Strom.</strong></span> <span class='ocrx_word' id='word_1_323' title='bbox 484 4448 510 4496; x_wconf 86' lang='lat' dir='ltr'><strong>p.</strong></span> <span class='ocrx_word' id='word_1_324' title='bbox 526 4428 575 4480; x_wconf 80' lang='lat'>682</span> <span class='ocrx_word' id='word_1_325' title='bbox 611 4437 622 4494; x_wconf 76' lang='lat' dir='ltr'>fl</span> <span class='ocrx_word' id='word_1_326' title='bbox 636 4429 738 4480; x_wconf 80' lang='grc' dir='ltr'>δένναον</span> <span class='ocrx_word' id='word_1_327' title='bbox 748 4429 815 4492; x_wconf 81' lang='lat' dir='ltr'><strong>vulg.</strong></span> <span class='ocrx_word' id='word_1_328' title='bbox 831 4444 895 4481; x_wconf 78' lang='lat' dir='ltr'><strong>corr.</strong></span> <span class='ocrx_word' id='word_1_329' title='bbox 912 4430 991 4480; x_wconf 75' lang='lat' dir='ltr'><strong>Klotz</strong></span> <span class='ocrx_word' id='word_1_330' title='bbox 1026 4437 1037 4493; x_wconf 77' lang='grc' dir='ltr'>ΙΙ</span> <span class='ocrx_word' id='word_1_331' title='bbox 1051 4430 1145 4494; x_wconf 78' lang='grc' dir='ltr'>θνητῶν</span> <span class='ocrx_word' id='word_1_332' title='bbox 1160 4429 1186 4480; x_wconf 76' lang='grc' dir='ltr'>δὲ</span> <span class='ocrx_word' id='word_1_333' title='bbox 1203 4429 1292 4480; x_wconf 76' lang='grc' dir='ltr'>πολλοί</span> 
     </span>
    </p>
   </div>
   <div class='ocr_carea' id='block_1_11' title="bbox 192 4510 997 4652">
    <p class='ocr_par' dir='ltr' id='par_1_12' title="bbox 192 4510 997 4652">
     <span class='ocr_line' id='line_1_36' title="bbox 192 4510 997 4652; baseline 0 -16"><span class='ocrx_word' id='word_1_334' title='bbox 192 4510 289 4636; x_wconf 60' lang='grc' dir='ltr'>οοδδδῑ.</span> <span class='ocrx_word' id='word_1_335' title='bbox 306 4586 362 4651; x_wconf 79' lang='grc' dir='ltr'>Βίης</span> <span class='ocrx_word' id='word_1_336' title='bbox 372 4587 411 4640; x_wconf 89' lang='lat' dir='ltr'>ed.</span> <span class='ocrx_word' id='word_1_337' title='bbox 423 4588 508 4638; x_wconf 73' lang='lat' dir='ltr'><strong>Cobet.</strong></span> <span class='ocrx_word' id='word_1_338' title='bbox 547 4593 557 4650; x_wconf 87' lang='grc'>11</span> <span class='ocrx_word' id='word_1_339' title='bbox 571 4585 649 4637; x_wconf 71' lang='grc' dir='ltr'>πλόων</span> <span class='ocrx_word' id='word_1_340' title='bbox 661 4588 700 4638; x_wconf 86' lang='lat' dir='ltr'>ed.</span> <span class='ocrx_word' id='word_1_341' title='bbox 711 4587 813 4638; x_wconf 56' lang='lat' dir='ltr'><strong>(lebeta</strong></span> <span class='ocrx_word' id='word_1_342' title='bbox 831 4585 920 4636; x_wconf 85' lang='grc' dir='ltr'>πλείων</span> <span class='ocrx_word' id='word_1_343' title='bbox 930 4586 997 4652; x_wconf 80' lang='lat' dir='ltr'><strong>vulg.</strong></span> 
     </span>
    </p>
   </div>
   <div class='ocr_carea' id='block_1_12' title="bbox 0 0 1630 5174">
    <p class='ocr_par' dir='ltr' id='par_1_13' title="bbox 0 0 1630 5174">
     <span class='ocr_line' id='line_1_37' title="bbox 0 0 1630 5174; baseline 0 1"><span class='ocrx_word' id='word_1_344' title='bbox 0 0 1630 5174; x_wconf 95' lang='lat' dir='ltr'> </span> 
     </span>
    </p>
   </div>
  </div>
 </body>
</html>
