3252 5174
670 433 882 483 Ηυιιτιιςιςογ
903 399 1045 482 ἀστεῖος

795 630 917 698 XLIV.

307 753 465 839 Πολεμος
491 752 621 825 πάντων
644 751 702 837 μὲν
724 757 838 849 πατήρ
860 756 933 824 ἐστι
955 749 1086 825 πάνπων
1109 749 1144 822 ἀὲ
1166 751 1335 839 βασιλεύς,
1352 748 1405 820 καί

305 867 381 944 πούς
400 866 458 951 μὲν
480 864 568 943 θεούς
592 864 692 963 ἔδειξε
716 865 791 944 πούς
815 864 848 938 ἀὲ
874 865 1072 966 ἀνθρώπους,
1093 863 1169 941 πούς
1193 862 1251 947 μὲν
1274 861 1406 939 δούλους

305 980 441 1064 ἐποίησε
457 978 533 1055 πούς
550 977 585 1050 ἀὲ
600 978 794 1076 ελευθέρους.

304 1276 356 1346 Ού
372 1276 496 1374 ξυνίωσι
521 1275 599 1350 ὅκως
622 1274 858 1372 διαφερόμενον
881 1275 987 1363 ἑωυτῷ
1005 1272 1195 1365 ὁμολογέει·
1222 1272 1406 1370 παλίντρο-

304 1421 367 1466 πος
383 1389 519 1488 ἀρμονίη
537 1388 687 1483 ὅκωσπερ
704 1386 808 1483 τόξου
823 1387 876 1458 καί
893 1387 1001 1484 λύρης.

301 1641 469 1716 Ἡράκλειτος
482 1643 595 1712 δοξάζων
607 1643 640 1698 τὸ
656 1641 716 1697 ὄντα
732 1643 796 1698 κατὰ
812 1643 866 1715 ἔριν
886 1641 1067 1713 συνίστασθαι,
1082 1641 1150 1697 τοῦτ’
1164 1642 1222 1698 ἔστι
1238 1641 1301 1696 κατὰ
1320 1642 1406 1712 μάχην

304 1742 344 1794 καὶ
357 1741 517 1811 ἐναντιότητα
530 1739 676 1810 ποιοτήτων,
690 1739 818 1811 μέμφεται
831 1743 868 1815 τῷ
881 1745 971 1810 ποιητῇ
986 1738 1113 1816 εὐχομένω
1128 1739 1254 1796 πάντοθεν
1260 1738 1405 1794 ἀπολέσθαι

302 1839 421 1909 τὴνέριν·
451 1838 582 1910 σύγχυσιν
596 1839 656 1912 γάρ,
677 1838 770 1912 φησίν,
792 1841 893 1910 εὔχεται
914 1841 959 1893 τοῦ
980 1841 1078 1908 κόσμου
1098 1840 1201 1894 παντός.
1242 1838 1268 1891 οἱ
1284 1836 1312 1891 δέ
1328 1840 1405 1891 τοΐπο

301 1934 406 1994 λύοντες
419 1938 541 2010 λέγουσιν
554 1939 608 1993 ιττέ.

344 2049 426 2091 XLIV.
449 2032 620 2092 Plutarchus
634 2033 670 2092 de
683 2032 763 2092 Iside
778 2035 826 2106 48,
840 2052 870 2109 p.
887 2046 964 2109 370:
986 2034 1154 2106 Ἡράκλειτος
1166 2034 1213 2104 μὲν
1225 2035 1275 2108 γὰρ
1289 2033 1406 2107 ἄντικρυς

301 2134 417 2203 πόλεμον
439 2133 555 2204 ὀνομάζει
576 2132 674 2205 πατέρα
695 2135 736 2188 καὶ
756 2131 871 2199 βασιλέα
899 2133 939 2187 καί
966 2131 1052 2204 κύριον
1078 2134 1187 2189 πάντων·
1224 2133 1264 2187 καί
1290 2133 1335 2186 τάν
1358 2132 1405 2201 μέν

296 2225 413 2297 Ὀμηρον
432 2229 568 2300 εὐχόμενον
588 2229 615 2283 ἔκ
637 2251 666 2283 τε
687 2229 752 2285 θεῶν
772 2230 826 2302 ἔριν
845 2229 873 2284 ἔκ
893 2229 916 2283 τ’
935 2228 1075 2302 ἀνθρώπων
1096 2227 1248 2298 ἀπολέσθαι,
1271 2228 1404 2283 λανθάνειν

301 2328 370 2396 φησί
382 2331 413 2395 τῇ
427 2328 528 2382 πάντων
540 2328 641 2398 γενέσει
651 2329 843 2401 “καταράνμενον,
858 2328 886 2382 εἰι
903 2328 986 2399 μύχης
1004 2328 1045 2382 καὶ
1062 2327 1223 2383 ἀντιπαθείας
1241 2327 1288 2398 τὴν
1301 2328 1403 2399 γένεσιν

300 2422 635 2500 ε’χόντων-Ηίρροίγῒῑιε
657 2423 720 2482 Res.
741 2421 820 2481 haer.
841 2423 881 2482 ix.
898 2442 935 2499 9:
963 2424 1003 2480 ὅτι
1023 2423 1052 2479 δέ
1072 2426 1145 2480 ε’στιν
1165 2427 1180 2479 ό
1200 2425 1283 2498 πατὴρ
1302 2425 1403 2481 πάντων

300 2526 351 2576 τῶν
364 2525 506 2594 γεγονότων
518 2524 623 2595 γενητὸς
640 2522 770 2595 ἀγένητος,
786 2524 868 2580 κτίσις
882 2523 1042 2596 δημιουργός,
1057 2524 1152 2578 ἐκείνου
1173 2521 1294 2596 λέγοντος
1311 2520 1401 2578 ἀκούο-

299 2636 353 2691 μεν·
388 2623 507 2690 Πόλεμος
527 2620 628 2676 πόντων
646 2622 693 2689 μέν
712 2620 795 2695 πατήρ
816 2623 872 2677 ε’στι
893 2622 995 2677 πάντων
1015 2622 1042 2676 δέ
1062 2619 1195 2691 βασιλεύς,
1217 2624 1258 2676 καί
1278 2621 1337 2678 τοὺς
1355 2621 1403 2692 μέν

300 2719 374 2774 θεοὺς
387 2718 469 2787 ἔδειξε
481 2720 542 2776 τοὺς
556 2719 584 2773 δέ
598 2719 755 2792 ἀνθρώπους,
763 2721 824 2777 τοὺς
835 2721 882 2791 μέν
895 2718 1004 2776 ἀσύλους
1017 2720 1123 2789 ε’ποίησε
1135 2722 1195 2776 τοὺς
1209 2720 1237 2774 δὲ
1251 2719 1402 2792 ἐλευθέρους

301 2813 461 2872 -ΡυοοΙυς
482 2813 515 2871 in
533 2813 607 2872 Tim.
624 2812 704 2887 54A
726 2812 811 2893 (conf.
836 2835 871 2888 24
886 2813 939 2895 Β);
968 2818 991 2872 εἰ
1011 2821 1026 2872 ὁ
1045 2821 1158 2890 γενναῖος
1178 2817 1345 2890 Ἡράκλειτος
1366 2818 1402 2875 εἰς

299 2912 391 2982 ταύτην
411 2914 508 2969 ἀπιδὼν
523 2915 608 2987 ἔλεγε·
637 2918 756 2984 Πόλεμος
776 2916 859 2989 πατὴρ
879 2917 987 2986 πάντων,
1002 2915 1055 2971 οὔδ’
1070 2914 1144 2972 οὗτος
1157 2916 1258 2972 ἀτόπως
1270 2917 1401 2990 ἔλεγεν-

299 3009 412 3086 Respio.
428 3009 609 3087 Chrysippus
630 3030 675 3086 ap.
694 3010 853 3072 Philodom.
873 3037 900 3071 π.
917 3014 1050 3081 εὐσεβείας
1062 3011 1114 3084 vii,
1128 3033 1157 3090 p.
1173 3017 1209 3071 81
1226 3010 1397 3089 Gomperz.:

299 3112 339 3165 καί
359 3111 404 3164 τόν
423 3112 537 3180 πόλεμον
558 3111 599 3166 καί
618 3112 663 3165 τὸν
683 3109 732 3166 Δία
752 3114 798 3167 τὸν
810 3114 887 3168 αὐτόν
901 3108 970 3178 εἶναι,
986 3113 1099 3186 καθάπερ
1118 3115 1158 3169 καί
1175 3115 1221 3168 τὸν
1232 3113 1401 3185 Ἡράκλειτον

297 3206 572 3281 λέγειν-Ιιυοίαααο
591 3207 745 3282 Quomodo
762 3207 831 3268 hist.
847 3210 987 3269 conscrib.
1005 3230 1038 3270 ιτ
1058 3212 1151 3282 ἀληθὲς
1164 3212 1204 3284 ἀρ’
1220 3210 1250 3281 ἦν
1268 3213 1347 3267 ἐκεῖνο
1360 3215 1399 3267 τό·

299 3309 416 3377 Πόλεμος
429 3306 545 3364 ἀπόντων
557 3304 767 3386 wop—Idem
780 3307 942 3368 Icaromen.
958 3312 975 3367 8
990 3332 996 3366 :
1026 3310 1112 3384 ἕτερος
1126 3309 1157 3365 δέ
1167 3333 1206 3367 τις
1219 3310 1266 3365 οὐκ
1279 3311 1400 3382 εἰρηνικὸς

296 3405 359 3477 ἀνὴρ
372 3408 486 3474 πόλεμον
498 3411 549 3462 τῶν
559 3403 628 3460 ὅλων
641 3407 739 3480 πατέρα
752 3403 815 3462 εἶναι
828 3408 922 3477 ε’δόξαζ
936 3450 943 3465 .

338 3517 409 3560 XLV.
438 3501 521 3560 Plato
542 3500 641 3578 Symp.
661 3505 716 3577 187
729 3501 775 3561 A:
804 3508 913 3576 μουσικὴ
932 3508 960 3562 δὲ
982 3508 1023 3562 καί
1043 3508 1119 3562 παντὶ
1140 3506 1281 3575 κατάδηλος
1301 3509 1337 3580 τῷ
1358 3506 1399 3560 καί

297 3602 405 3673 σμικρόν
418 3601 575 3672 προσέχοντι
588 3603 634 3657 τὸν
652 3605 710 3657 νοῦν
724 3601 763 3658 ότι
782 3605 844 3660 κατὰ
867 3605 946 3660 τοτἰτά
967 3607 1022 3677 ἔχει
1040 3604 1147 3676 τούτοις,
1164 3607 1253 3677 ὥσπερ
1272 3602 1338 3661 ἴσως
1358 3605 1399 3659 καί

298 3698 466 3771 Ἡράκλειτος
488 3697 610 3764 βούλεται
629 3699 722 3773 λέγειν,
737 3701 793 3757 ε’πεί
814 3705 869 3760 τοῖς
885 3726 916 3776 γε
936 3703 1049 3776 ῥήμασιν
1056 3705 1087 3758 οὔ
1104 3707 1189 3760 καλῶς
1207 3703 1290 3776 λέγει.
1330 3704 1360 3757 τὸ
1375 3705 1401 3758 ἓν

296 3798 346 3874 γάρ
367 3799 436 3869 φησι
456 3798 640 3869 διαφερόμενον
654 3801 715 3855 αὐτὸ
730 3802 797 3876 αὐτῷ
812 3802 1000 3875 ξυμφέρεσθαι,
1022 3804 1111 3875 ὥσπερ
1129 3802 1252 3874 ἁρμονίαν
1270 3801 1349 3870 τόξου
1369 3823 1398 3855 τε

295 3897 335 3951 καὶ
346 3893 548 3968 lopas-Idem
563 3893 649 3972 Soph.
668 3916 724 3970 242
736 3897 780 3956 D:
794 3899 873 3957 Ἰἀάες
888 3902 916 3956 δέ
932 3903 973 3956 καὶ
986 3901 1087 3956 Σικελοί
1100 3923 1166 3957 τινες
1180 3898 1290 3972 ὕστερον
1303 3902 1398 3969 μοῦσαι

295 3994 490 4065 ξυννενοὴιτασιν
503 3993 542 4050 ὅτι
556 3997 712 4066 συμπλέκειν
725 3998 927 4070 ἀσφαλέστατον
945 4000 1079 4073 ἀμφότερα
1100 3997 1141 4056 καί
1160 3999 1246 4073 λέγειν
1264 4000 1299 4056 ὣς
1318 4000 1348 4054 τὸ
1369 3998 1398 4053 ἀν

293 4095 381 4149 πολλά
400 4116 430 4148 τε
450 4095 489 4149 καὶ
510 4093 537 4148 έν
557 4094 637 4161 ε’σπιν,
659 4096 740 4169 ἔχθρᾳ
759 4097 787 4152 δέ
806 4095 846 4153 καί
866 4097 943 4170 φιλίᾳ
957 4098 1101 4170 συνέχεται.
1145 4097 1330 4172 διαφερόμενον
1344 4097 1394 4169 γάρ

328 4302 399 4340 mv.
416 4290 521 4355 ἀνέδειξε
533 4309 600 4357 susp.
612 4294 721 4357 Roeper.

325 4379 385 4418 ην.
403 4369 547 4432 ὁμολογέειν
557 4372 692 4437 Hippolyti
703 4372 757 4422 ood.
769 4387 830 4422 oorr.
843 4371 929 4421 Miller
964 4377 973 4432 11
987 4372 1031 4421 τοῦ
1045 4372 1110 4434 ὀξέος
1122 4388 1150 4420 τε
1166 4371 1206 4420 ιιαί
1217 4369 1304 4436 βαρέος
1316 4373 1393 4422 Boot:

292 4444 364 4509 τόξου
375 4447 413 4496 καί
425 4449 507 4511 νευρῆς
518 4449 603 4512 Bergk
615 4453 701 4514 (quam
712 4449 881 4500 coniecturam
893 4451 1017 4515 improbat
1029 4451 1082 4516 ipse
1093 4452 1125 4501 od
1137 4452 1198 4517 Lyr.
1210 4451 1299 4502 Graec.
1307 4468 1332 4516 p.
1348 4461 1393 4516 τοι

292 4524 332 4574 ed.
342 4527 413 4590 tort.)
421 4553 454 4564 -
462 4543 486 4578 v.
498 4528 556 4576 adn.
567 4529 622 4578 orit.
637 4528 669 4576 ad
680 4529 709 4579 fr.
722 4529 794 4577 LVI.
