3252 5174
679 463 892 510 ΗΡΑΚΛΕΙΤΟΥ
912 463 1055 511 ΕΦΕΣΙΟΥ

824 691 923 757 XIII.

315 814 431 890 ’Όσων
448 819 532 913 ὄψις
549 819 630 903 ἀκοὴ
644 817 798 910 μάθησις,
815 828 923 893 τοῦτο
941 823 1007 916 ἐγιά
1026 823 1217 922 προτιμέω;

829 1020 923 1085 XIV.

367 1145 518 1232 Polybius
531 1145 575 1212 iv.
586 1166 651 1227 40:
674 1153 761 1212 τοῦτο
778 1152 836 1231 γὰρ
857 1149 933 1214 ἴδιόν
952 1152 1017 1214 ἐστι
1034 1155 1092 1214 τῶν
1111 1156 1164 1214 νῦν
1187 1154 1302 1231 καιρῶν,
1326 1151 1359 1214 ἐν
1380 1151 1424 1216 οῐς

323 1244 442 1310 πάντων
463 1252 590 1310 πλωτῶν
612 1247 658 1310 καὶ
684 1253 833 1328 πορευτῶν
854 1248 1022 1330 γεγονότων
1043 1249 1094 1312 οὐκ
1117 1247 1154 1312 ἀν
1176 1248 1219 1313 ἔτι
1241 1245 1354 1330 πρέπον
1376 1250 1422 1327 είη

325 1349 458 1422 ποιηταῖς
473 1346 520 1408 καὶ
537 1344 738 1426 μνθογρόφοις
753 1349 880 1428 χρῆσθαι
901 1345 1027 1426 μόρτυσι
1047 1347 1114 1428 περὶ
1133 1353 1192 1412 τῶν
1207 1347 1425 1430 ἀγνοουμένων,

324 1445 398 1524 ὅπερ
413 1446 442 1508 οἱ
461 1443 518 1525 πρὸ
532 1445 614 1524 ἡμῶν
633 1445 699 1525 περὶ
717 1450 776 1508 τῶν
795 1445 956 1522 πλείστων,
974 1447 1114 1512 ἀπίστους
1135 1446 1425 1529 ἀμφισβητουμένων

324 1543 525 1625 παρεχόμενοι
538 1545 709 1623 βεβαιωτὰς
724 1546 798 1607 κατὰ
811 1542 864 1607 τὸν
877 1543 1087 1625 Ἡράκλειτον.

836 1741 911 1806 XV.

326 1864 525 1964 Ὀφθολμοά
543 1873 608 1939 τῶν
623 1868 714 1941 ὤτων
732 1869 965 1968 ἀκριβέστεροι
982 1869 1155 1970 μάρτυρες.

827 2083 922 2148 XVI.

327 2209 527 2297 Πολνμοθίη
553 2213 627 2285 νόον
652 2215 738 2310 ἔχειν
763 2215 800 2285 οὗ
823 2211 978 2285 diddensi·
1020 2212 1186 2286 Ἡσίοδον
1210 2211 1280 2310 γὰρ
1303 2209 1343 2285 ἀν
1365 2214 1427 2287 ‹idi-

325 2324 404 2423 όαξο
420 2326 472 2397 καὶ
492 2325 696 2425 Πυθαγόρην
713 2326 804 2404 αὖτίς
820 2359 860 2398 τε
876 2322 1069 2425 Ξενοφάνεα
1086 2326 1139 2396 καὶ
1150 2325 1341 2399 Ἑκαταῖον.

367 2612 437 2654 xm.
458 2593 641 2671 Hippolytus
654 2593 721 2655 Res.
735 2594 814 2654 haer.
828 2595 868 2654 ix.
885 2615 902 2671 9
918 2593 968 2675 (sd
982 2594 1016 2654 fr.
1032 2593 1152 2652 XLVII
1166 2592 1238 2673 cie).

367 2710 420 2753 xv,
442 2692 581 2770 Polybius
604 2691 656 2753 xii.
684 2707 734 2769 27:
766 2696 836 2751 ἀνεῖν
858 2696 909 2768 γάρ
933 2694 1014 2749 όντων
1038 2695 1101 2749 κοτά
1124 2693 1208 2766 φύσιν
1235 2695 1328 2751 ὡσανεί
1353 2717 1429 2750 τινων

326 2793 443 2867 όργάνων
462 2793 529 2864 ἡμῖν,
550 2789 589 2849 oie
614 2796 697 2849 πάντα
723 2793 899 2864 πυνθανόμεθα
930 2794 971 2847 καὶ
994 2795 1266 2865 πολυπραγμονοῦμεν,
1287 2794 1364 2863 ἀκοῆς
1387 2796 1429 2849 καὶ

327 2892 451 2964 ὁράσεως,
465 2890 651 2963 ἀληθινωτέρος
671 2890 693 2946 δ’
708 2895 788 2961 οὔσης
801 2894 830 2946 οὐ
843 2895 925 2967 μικρῷ
937 2893 982 2962 τῆς
996 2890 1111 2963 ὁράσεως
1125 2892 1187 2945 κατὰ
1201 2892 1247 2945 τάν
1259 2886 1430 2962 Ἡράκλειτον

326 2984 474 3065 (ὀφθαλμοὶ
499 2989 550 3061 γάρ
577 2994 628 3044 τῶν
654 2987 726 3044 ότων
752 2988 930 3062 ἀκριβέστεροι
955 2984 1104 3065 μάρτυρες),
1132 2986 1228 3043 τούτων
1254 2988 1357 3059 Τίμαιος
1383 2989 1430 3059 τὴν

326 3086 389 3155 ἡδίω
415 3086 462 3158 μὲν
487 3085 553 3156 ἥττω
581 3087 610 3142 δὲ
636 3091 687 3142 τῶν
714 3088 780 3142 soon
807 3089 911 3160 ὥρμησε
934 3088 999 3159 πρὸς
1026 3087 1057 3141 τὸ
1080 3083 1428 3158 πολυπραγμονεῖν-θοαί.

327 3181 497 3242 Herodotus
510 3181 529 3242 i.
545 3186 578 3242 8:
601 3183 653 3241 ἀπα
671 3185 721 3258 γάρ
737 3186 857 3259 τυγχάνει
878 3185 1036 3258 ἀνθρώποισι
1056 3184 1130 3238 ε’όντα
1149 3185 1306 3256 ἀπιστότερα
1325 3184 1430 3257 ὀφθαλ-

323 3279 389 3354 μῶν.
430 3278 592 3360 (Heraclito
616 3280 728 3339 dietum
749 3281 917 3340 abiudieant
941 3300 1007 3340 oum
1032 3279 1083 3338 ulii
1107 3286 1171 3338 tum
1196 3279 1368 3340 Leutsohius
1392 3280 1430 3339 ud

327 3379 458 3439 Persem.
473 3378 575 3438 Graec.
589 3377 620 3438 ii.
634 3399 663 3456 p.
680 3392 748 3454 744,
763 3378 799 3437 Ιι.
815 3377 986 3436 Dindorfius
999 3377 1090 3455 praef.
1105 3378 1143 3437 ud
1156 3378 1257 3455 Polyb.
1271 3398 1300 3455 p.
1314 3378 1366 3459 xl.)

370 3495 435 3536 xv1.
457 3477 551 3536 Aulus
565 3477 678 3536 Gellius
692 3477 730 3537 N.
739 3476 777 3536 A.
791 3477 881 3554 praef.
899 3496 933 3535 12
945 3495 952 3536 :
981 3495 1035 3554 ego
1049 3495 1124 3548 vero,
1140 3496 1207 3536 oum
1220 3475 1295 3534 illud
1309 3475 1431 3553 Ephesii

328 3575 386 3635 viri
406 3595 517 3634 summe
538 3575 644 3634 nobilis
657 3575 780 3634 verbum
800 3575 880 3632 cordi
900 3573 1045 3646 haberem,
1060 3575 1139 3651 quod
1159 3574 1288 3652 profecto
1307 3574 1350 3633 its
1367 3578 1429 3633 est:

328 3672 473 3744 πολυμοθίη
498 3677 556 3730 νόον
582 3675 612 3729 οὗ
636 3675 757 3744 διδάσκει,
780 3673 843 3750 ipse
867 3672 985 3750 quidem
1008 3672 1160 3732 volvendis
1187 3672 1431 3752 transeundisque

329 3769 431 3829 multis
457 3769 612 3828 admodum
639 3770 837 3830 voluminibus
852 3813 859 3830 .
875 3816 881 3831 .
897 3813 925 3829 ..
943 3769 1086 3829 exereitus
1113 3770 1298 3848 defessusque
1326 3791 1431 3830 sum-

330 3867 474 3946 Diogenes
493 3867 591 3928 Luert.
614 3867 652 3928 ix.
678 3887 708 3927 1:
738 3873 912 3944 μεγαλόφρων
932 3871 960 3925 δὲ
979 3871 1071 3944 γέγονε
1094 3870 1154 3942 παρ’
1175 3874 1288 3929 ὁντινοῦν
1308 3873 1349 3926 καὶ
1370 3871 1431 3927 ὑπι-

328 3970 432 4041 ρόπτης,
448 3971 482 4026 ὡς
500 3970 541 4024 καλ
559 3969 586 4024 εἰς
605 3973 651 4025 τοῦ
670 3970 870 4042 συγγράμματος
888 3970 965 4023 αὐτοῦ
984 3969 1070 4038 δῆλον,
1086 3968 1113 4023 όν
1133 3964 1154 4044 ᾧ
1174 3971 1252 4040 φησι·
1281 3969 1431 4040 Πολυμοθίη

329 4071 387 4122 νόον
407 4069 437 4122 οὐ
458 4069 581 4124 ἀιάόσκει·
607 4066 734 4123 Ἡσίοδον
752 4069 803 4141 γάρ
823 4067 855 4123 ἀν
875 4067 974 4138 ἐδίδαξε
996 4069 1037 4122 καὶ
1057 4063 1319 4145 Πνθογόρην,(οοιιί.
1335 4064 1432 4126 Schol.

362 4327 424 4364 x111.
441 4313 502 4364 ὅσον
511 4316 566 4365 eod.
580 4333 642 4366 sorr.
655 4315 751 4364 Miller.

362 4405 418 4442 xv1.
436 4391 601 4457 πουλυμαθηίη
613 4394 707 4443 Cobet:
725 4393 851 4455 πολυμαθῆ
866 4393 1005 4443 Clementis
1020 4393 1091 4444 coda
1109 4391 1236 4454 πολυμαθῆ
1250 4396 1276 4441 et
1289 4393 1431 4454 τονλομαθῆ

328 4471 457 4521 Athenaei
468 4471 553 4522 codd:
570 4471 718 4535 τολυμοθείη
729 4472 849 4536 Diogenis
860 4471 899 4521 ed.
908 4472 991 4529 Bssil..
999 4472 1082 4522 Prooli
1091 4473 1131 4523 ed.
1140 4472 1231 4536 Bssil.;
1249 4471 1312 4522 conf.
1322 4471 1429 4521 Bredov.

329 4540 432 4601 de'dial.
443 4549 565 4602 Herodot.
576 4567 601 4616 p.
617 4549 662 4600 186
674 4550 756 4615 (plura
766 4567 790 4601 v.
802 4550 830 4599 in
841 4550 959 4615 Append.
972 4551 1008 4614 Ι).
