3252 5174
637 432 717 480 ΠΕΡΙ
737 432 874 482 menz.

727 635 788 700 IV.

207 753 318 824 Κακοῖ
337 751 499 851 μάρτυρες
519 755 722 854 ἀνθρώποισι
747 757 923 854 όφθαλμοῖ
944 758 996 829 καῖ
1014 759 1093 844 ιδτα,
1111 755 1306 857 βαρβάρους

207 863 324 961 ψυχὰς
341 868 494 964 ἐχόντων.

726 992 767 1060 V.

206 1110 257 1179 Οῦ
287 1111 463 1207 φρονέουσι
493 1119 634 1184 τοιαῦτα
661 1114 788 1184 πολλοὶ
824 1114 974 1186 ὁκόσοισι
1009 1116 1197 1214 ἐγκυρέουσι
1232 1115 1305 1189 οῦδὲ

205 1223 366 1307 μαθόντες
391 1225 597 1316 γινώσκουσι,
624 1227 771 1297 ἑωυτοῖσι
799 1224 833 1297 δὲ
859 1226 1015 1300 δοκέουσι.

725 1390 787 1456 VI.

205 1510 364 1581 Ἀκοῦσαι
383 1513 438 1583 οῦκ
455 1508 669 1596 ἐπιστάμενοι
688 1512 752 1585 οὐδ’
771 1516 879 1584 εἰπεῖν.

205 1728 332 1800 ἄκουέτω,’
347 1727 430 1802 εὕροις
450 1731 481 1785 ἂν
501 1731 552 1786 διδέ
570 1753 625 1788 πως
638 1731 824 1804 ἐμφαινόμενον
842 1732 908 1802 πρὸς
928 1735 975 1785 τοῦ
996 1731 1133 1804 Ἐφεσίου·
1172 1730 1304 1804 Ἀξῦνετοι

205 1824 358 1884 άκοῦσαντες
377 1831 474 1901 κωφοῖς
494 1829 600 1884 εὀῖκασι·
629 1830 707 1901 φάτις
727 1829 844 1884 αὐτοῖσιν
863 1833 986 1902 μαρτυρεῖ
1004 1833 1144 1902 παρεόντας
1164 1830 1305 1886 άπεῖνσι-

204 1921 404 1983 Theodoretus
424 1924 547 2002 Therap.
566 1924 586 1985 i.
607 1945 635 2002 p.
655 1944 700 2000 13,
719 1943 775 1999 49:
798 1929 917 2000 ἁρμόττει
937 1931 991 1984 τοῖς
1012 1925 1106 1998 ὁμοίως
1125 1929 1184 1999 ὑμῖν
1204 1929 1305 1985 ἀντιλέ-

205 2045 298 2095 γουσιν
318 2023 383 2096 ὅπερ
403 2021 569 2096 Ἡράκλειτος
583 2027 598 2078 ὁ
613 2022 738 2096 Ἐφέσιος
758 2022 863 2095 εἴρηκεν·
885 2022 1015 2095 ’λξῦνετοι
1035 2024 1191 2082 άκοῦσαυτες
1208 2030 1307 2100 κωφοῖς

206 2121 311 2176 εὀῖκασι’
333 2122 413 2193 φάτις
426 2123 527 2177 αιἰτοῖσι
540 2125 663 2194 μαρτυρεῖ
675 2124 816 2195 παρεόντας
830 2122 938 2178 άπεῖναι.

246 2233 289 2276 1v.
311 2215 419 2276 Sextus
439 2217 523 2294 Emp.
544 2217 609 2277 adv.
631 2217 724 2277 Math.
746 2216 797 2277 vii.
822 2219 896 2276 126:
929 2220 975 2290 τὴν
994 2219 1041 2290 μὲν
1060 2217 1183 2291 αἴσθησιν
1202 2221 1306 2294 ἐλέγχει

204 2314 288 2390 λέγων
297 2318 361 2372 κατά
370 2317 451 2386 λέξιν·
472 2319 551 2372 Κακοῖ
564 2319 690 2391 μάρτυρες
704 2317 878 2390 άνθρόιποισιν
889 2317 1020 2390 ὀφθαλμοὶ
1033 2319 1074 2373 καλ
1087 2317 1147 2390 όντα,
1157 2321 1306 2393 βαρβάρους

204 2415 295 2486 ψυχᾶς
318 2415 437 2488 ε’χόντων·
465 2414 528 2489 ὅπερ
552 2413 611 2472 ἰ’σον
634 2413 665 2485 ἦν
686 2419 732 2490 τῷ,
757 2417 897 2489 βαρβάρων
921 2416 979 2472 ε’στλ
1001 2417 1097 2489 ψυχῶν
1119 2419 1175 2475 ταῖς
1201 2417 1307 2492 ἀλόγοις

204 2512 344 2583 αἰσθήσεσι
363 2512 677 2574 πιστεῦειν-ὃδοῖνυιθαε
695 2511 797 2571 Floril.
820 2512 858 2572 iv.
871 2514 930 2587 56:
952 2512 1024 2572 κακοῖ
1042 2511 1154 2587 γίνονται
1174 2517 1307 2588 ὀφθαλμοὶ

205 2612 245 2666 καλ
267 2611 319 2668 ὦτα
342 2612 463 2686 ἀφρόνων
485 2612 625 2686 άνθρόιπων
648 2614 739 2685 ψυχὰς
765 2614 915 2685 βαρβάρους
943 2609 1176 2684 ε’χόντων-Οοαῖ.
1205 2611 1306 2674 Floril.

204 2708 318 2768 Monac.
339 2729 386 2787 ap.
404 2708 560 2770 Woelfflin.
582 2710 619 2768 de
641 2708 767 2769 Caecilio
791 2709 882 2768 Balbo
902 2729 931 2786 p.
954 2729 1012 2768 τοι
1047 2709 1145 2770 oeulos
1168 2715 1199 2770 et
1222 2731 1307 2772 auree

203 2808 286 2885 vulgi
299 2808 390 2866 malos
404 2827 465 2868 esse
478 2807 723 2885 testes-Respie.
739 2806 882 2884 Diogenes
896 2806 992 2866 Leert.
1007 2805 1047 2865 ix.
1065 2820 1081 2884 7
1093 2825 1100 2867 :
1120 2809 1166 2880 τήν
1178 2833 1207 2865 τε
1223 2809 1308 2881 οἴησιν

205 2908 274 2980 ῖερδν
287 2909 364 2963 νόσου
377 2909 454 2980 ἔλεγε
467 2908 509 2962 καῖ
523 2907 569 2978 τὴν
583 2908 675 2979 ὅρασιν
687 2905 842 2979 ψεύδεσθαι.
1242 2963 1246 2970 ,

243 3021 273 3064 V.
295 3003 337 3064 Μ.
352 3001 523 3063 Antoninus
540 3003 579 3062 iv.
595 3007 632 3075 46
650 3001 729 3084 (post
742 3003 778 3062 fr.
793 3000 908 3080 XXV):
935 3005 1077 3077 μεμνῆσθαι
1093 3005 1122 3061 δῖ
1136 3007 1177 3061 καὶ
1191 3010 1237 3061 τοῦ
1249 3005 1306 3061 εἰτι-

203 3103 389 3174 λαυθανομένου
399 3099 416 3172 ᾖ
426 3102 441 3172 ἡ
452 3104 511 3159 όδδς
521 3102 577 3176 άγει
589 3099 667 3181 (fort.
674 3101 744 3161 :fn
757 3098 915 3180 LXXIH)'
935 3104 976 3158 καὶ
985 3103 1026 3160 ὅτι
1034 3099 1055 3179 ᾦ
1063 3105 1180 3174 μάλιστα
1190 3103 1308 3172 διηνεκῶς

204 3205 334 3274 ὁμιλοῦσι,
351 3205 422 3277 λόγῳ
441 3207 478 3278 τῷ
498 3204 532 3258 τὰ
552 3203 602 3258 όλα
622 3204 767 3274 διοικοῦντι,
784 3202 866 3277 τούτῳ
887 3203 1050 3275 διαφέρονται
1070 3199 1160 3281 (=fr.
1178 3197 1307 3279 ΧΟΠῙ)·

204 3298 245 3352 καῖ
266 3293 304 3354 οἷς
322 3295 376 3351 καθ
392 3296 486 3369 ἡμέραν
499 3298 646 3370 ι’γκυροῦσι,
660 3299 741 3351 ταῦτα
760 3298 847 3352 αὐτοῖς
865 3295 925 3364 ξένα
943 3293 1069 3366 φαίνεται·
1098 3297 1139 3352 καὶ
1159 3295 1198 3351 ὅτι
1219 3297 1249 3350 οῦ
1269 3296 1310 3352 δεῖ

203 3396 293 3468 ὥσπερ
310 3393 476 3451 καθεύδοντας
494 3397 576 3450 ποιεῖν
595 3395 636 3449 καὶ
655 3393 741 3467 λέγειν
754 3391 843 3472 (=fr.
859 3389 984 3470 XCIV)
1013 3393 1122 3466 καὶγὰρ
1141 3396 1200 3449 τότε
1217 3393 1307 3448 δοκοῦ-

202 3515 250 3564 μεν
262 3496 345 3548 ποιεῖν
357 3494 400 3547 καὶ
411 3491 506 3565 λέγειν·
535 3492 577 3547 καὶ
590 3491 631 3548 ὅτι
644 3493 674 3546 οὔ
694 3493 734 3547 δεῖ
753 3494 792 3549 ὡς
811 3492 923 3547 παῖδας
943 3491 1064 3559 τοκέων,
1078 3490 1146 3546 τοῦτ’
1161 3492 1228 3556 ἔστι,
1243 3491 1307 3554 κατὰ

202 3591 287 3662 ψιλὸν
305 3591 346 3646 καλ
365 3589 453 3645 καθότι
466 3589 662 3664 παρειλήφαμεν
676 3588 832 3669 (fort.=fr.
847 3587 981 3650 XCVII:
1002 3587 1035 3646 in
1049 3588 1179 3648 clausula
1192 3593 1308 3648 textum

203 3685 304 3745 Oorais
325 3683 632 3765 exhibuil-Olemens
650 3684 738 3746 Alex.
754 3686 863 3746 Strom.
878 3685 909 3746 ii.
926 3705 952 3758 2,
969 3705 998 3763 p.
1014 3704 1091 3761 432:
1121 3689 1151 3743 οὔ
1168 3690 1220 3761 γὰρ
1239 3691 1307 3761 φρο-

202 3786 290 3841 νέουσι
312 3790 416 3842 τοιαῦτα
439 3787 535 3842 πολλοὶ
559 3788 648 3842 ὁκόσοι
671 3786 873 3860 ἐγκυρσεάουσιν
897 3786 956 3841 οὐδὲ
979 3787 1102 3858 μαθόντες
1125 3788 1307 3861 γινώσκουσιν,

203 3884 322 3939 ἑωυτοῖσι
340 3883 369 3939 δὲ
385 3882 511 3955 δοκέουσι,
527 3885 590 3939 κατὰ
607 3886 653 3939 τὸν
664 3887 780 3958 γενναῖον
792 3883 969 3957 Ἡράκλειτον.
1011 3881 1052 3957 ἆρ’
1066 3885 1097 3939 οῦ
1116 3885 1186 3939 δοκεῖ
1203 3906 1248 3938 σοι
1266 3884 1309 3938 καῖ

203 3981 278 4039 οὗτος
290 3982 351 4038 τοὺς
363 3981 398 4053 μὴ
412 3979 583 4039 πιστεύοντας
596 3982 709 4054 ψέγειν,

242 4093 287 4136 v1.
310 4076 444 4136 Clemens
465 4076 554 4140 Alex.
569 4078 677 4138 Strom.
691 4077 722 4137 ii.
738 4092 764 4152 5,
779 4097 808 4154 p.
825 4096 906 4151 442:
933 4078 1059 4136 ἀπίστους
1078 4072 1142 4133 εἶναι’
1160 4100 1230 4134 τινος
1249 4079 1304 4135 ἔτι·

203 4173 313 4247 απῖφων
319 4171 488 4247 Ἡράκλειτός
501 4177 594 4248 φησιν·
614 4175 738 4232 ’Aeolum
752 4177 798 4230 οὐκ
812 4173 977 4246 ἐπιστάμενοι
990 4174 1043 4229 οὐδ’
1055 4174 1141 4230 εἰπεῖν·
1164 4175 1308 4247 ὦφιληθεῖς

235 4369 271 4407 ιν.
290 4355 411 4421 βορβόρου
421 4355 501 4422 ψυχὰν
512 4355 613 4420 ἔχοντος
624 4355 738 4420 Βςτιιςγς
748 4356 787 4406 Μ.
798 4356 847 4405 Rh.
861 4354 897 4404 ix.
908 4371 933 4420 p.
947 4354 1003 4404 τός.

235 4445 259 4483 v.
274 4431 503 4485 dnbaouGataker:
520 4433 694 4499 δκόσοιταΙςκ
716 4432 880 4493 (τούτων)
897 4432 980 4485 ὁκόσοι
992 4431 1175 4496 <ὲκεῖνοισι>
1192 4432 1308 4483 ΜαΠααΙι

205 4517 216 4572 ΙΙ
231 4509 417 4575 ἐγκυμσεόουσιν
433 4512 521 4577 vulga
545 4511 684 4576 δγκυμέουοι
702 4511 834 4576 occupavit
851 4509 977 4561 Sehueler.

728 4608 784 4655 132
