3252 5174
698 423 910 471 HPAKAEITOY
930 423 1072 470 ΕΦΕΣΙΟΥ

803 644 968 710 XXXIII.

377 766 538 852 Diogenes
563 765 670 830 Ιιαθτά.
696 762 718 831 i.
745 783 805 850 23:
841 769 922 831 δοκεῖ
944 767 977 830 δὲ
1003 764 1083 849 (scil.
1108 763 1228 852 Θαλὴς)
1253 765 1327 830 κατά
1351 791 1435 833 τινας

333 876 447 953 πρῶτος
461 872 684 952 ἀστρολογῆσαι
703 868 752 932 καὶ
768 869 895 947 ἡλιακὰς
916 869 1067 950 ἐκλείψεις
1084 867 1131 932 καὶ
1148 872 1259 950 τροπὰς
1273 875 1435 950 προειπεῖν,

336 975 375 1042 ὥς
390 983 486 1056 φησιν
501 975 636 1052 Εὔδημος
655 973 689 1036 ἐν
703 996 738 1050 τη
759 972 828 1051 περὶ
847 976 906 1034 τῶν
921 969 1204 1052 ἀστρολογουμένων
1220 972 1343 1056 ἱστορίη·
1367 973 1436 1036 ὅθεν

335 1080 425 1145 αὐτὸν
445 1082 494 1145 καὶ
516 1079 693 1162 Ξενοφάνης
715 1079 764 1142 καὶ
784 1076 949 1159 Ἡρόδοτος
970 1076 1120 1157 θαυμάζει.
1150 1082 1292 1159 μαρτυρεῖ
1309 1075 1334 1140 δ’
1358 1078 1435 1165 αύτφ

335 1183 383 1248 καὶ
396 1181 592 1265 Ἡράκλειτος
607 1182 655 1246 καὶ
671 1183 863 1262 Δημόκριτος.

808 1315 966 1382 XXXIV.

378 1437 567 1502 Plutarchus
588 1437 651 1503 Qu.
674 1437 757 1503 Plal.
772 1436 838 1502 viii.
856 1457 890 1516 4,
904 1459 936 1520 p.
958 1449 1060 1518 1007:
1086 1437 1177 1503 ούτως
1200 1436 1252 1500 οδν
1272 1436 1437 1518 ἀναγκαίαν

334 1541 408 1623 πρὸς
428 1540 483 1604 τδν
502 1541 628 1622 ούρανδν
648 1541 727 1624 ἔχων
742 1539 919 1620 συμπλοκὴν
938 1541 986 1603 καὶ
1007 1539 1228 1621 συναρμογὴνὸ
1250 1540 1357 1622 χρόνος
1379 1540 1437 1625 ούχ

337 1649 439 1712 ἁπλῶς
457 1645 523 1708 ἐστι
541 1647 654 1724 κίνησις
673 1641 754 1722 ἀλλ’,
771 1644 871 1723 ὥσπερ
893 1645 1012 1725 εἴρηται,
1036 1644 1152 1722 κίνησις
1171 1644 1206 1706 ἐν
1226 1640 1309 1721 τάξει
1329 1641 1438 1724 μέτρον

336 1749 447 1834 ἐχούσῃ
468 1747 515 1811 καὶ
535 1747 648 1830 πέρατα
670 1745 717 1810 καί
739 1747 901 1826 περιόδους.
946 1747 987 1810 ὧν
1007 1747 1024 1807 ὁ
1045 1746 1131 1824 ἡλιος
1149 1746 1308 1825 ἐπιστάτης
1328 1744 1370 1810 ὢν
1389 1746 1437 1809 καὶ

337 1852 458 1928 σκοπός,
485 1851 591 1931 ὁρίζειν
614 1849 661 1913 καὶ
686 1850 850 1930 βραβεύειν
875 1848 922 1912 καὶ
951 1849 1156 1913 ἀναδεικνύναι
1181 1849 1231 1912 καὶ
1259 1850 1439 1930 διαφαίνειν

336 1956 509 2035 μεταβολάς
539 1953 587 2017 καὶ
617 1953 705 2033 ὥρας
737 1952 772 2015 αἱ
793 1950 909 2015 πάντα
937 1951 1102 2033 φέρουσι,
1133 1948 1200 2015 καθ’
1227 1949 1436 2032 Ἡράκλειτον,

337 2057 404 2121 οὐδὲ
427 2058 551 2138 φαύλων
575 2056 642 2120 οὐδὲ
667 2060 790 2135 μικρῶν,
814 2056 895 2118 ἀλλά
918 2060 978 2118 τῶν
1002 2055 1153 2136 μεγίστων
1180 2055 1227 2119 καὶ
1257 2053 1438 2135 κυριωτάτων

337 2162 378 2246 τῷ
400 2159 524 2242 ἡγεμόνι
546 2159 593 2224 καὶ
616 2159 720 2243 πρύτιρ
742 2158 800 2243 θεῷ
823 2159 938 2240 γίνεται
960 2159 1111 2239 συνεργός.

819 2300 956 2364 XXXV.

338 2422 550 2502 Διδάσκαλος
584 2423 618 2496 δὲ
657 2423 825 2494 πλείστων
860 2421 1036 2499 Ἡσίοδος·
1078 2429 1200 2495 τοῦτον
1238 2425 1436 2497 ἐπίστανται

338 2546 486 2609 πλεῖστα
513 2535 636 2622 εἰδέναι,
663 2536 758 2612 ὅστις
784 2535 901 2631 ἡμέρην
926 2535 979 2605 καὶ
1007 2536 1166 2633 εὐφρόνην
1191 2537 1247 2607 ούκ
1271 2538 1436 2630 ἐγίνωσκε·

338 2650 414 2721 ἔστι
441 2648 509 2746 γὰρ
536 2652 579 2721 ἐν.

321 2857 473 2913 ’ἀνατολαῖς
494 2856 605 2927 ὑπάρχῃ,
627 2854 763 2910 ἀνάπτεται
787 2855 829 2908 διά
851 2854 897 2923 τὴν
921 2853 1005 2909 ἐκεῖσε
1029 2853 1179 2926 θερμότητα,
1204 2854 1266 2909 ὅταν
1286 2853 1315 2908 δέ
1336 2854 1364 2908 ἐν
1384 2857 1440 2911 ταῖς

338 2956 448 3024 δυσμαῖς
461 2953 534 3023 ἔλθη,
549 2953 687 3018 σβέννυται
701 2952 742 3006 διέι
750 2952 796 3022 τὴν
809 2953 893 3008 ἐκεῖσε
904 2950 1164 3025 ψδξιν-ΡῙΟδὶιιυΒ
1178 2949 1254 3010 Enn.
1268 2949 1298 3009 ii.
1312 2970 1337 3022 1,
1347 2969 1376 3027 p.
1387 2965 1439 3027 97:

339 3056 484 3124 συγχωρῶν
497 3045 572 3128 (scil.
587 3046 685 3127 Plato)
699 3051 740 3104 καὶ
758 3051 801 3106 ἐπὶ
820 3049 917 3105 τούτων
931 3051 1050 3120 δηλονότι
1064 3056 1100 3126 τῷ
1110 3049 1279 3126 Ἡρακλείτῳ,
1294 3049 1322 3108 as
1335 3052 1386 3122 ἔφη
1400 3049 1440 3104 ἀεὶ

339 3151 381 3206 καὶ
394 3151 439 3205 τδν
453 3149 529 3219 ἡλιον
541 3145 819 3221 γίνεσθαι-Ρνοαίυε
835 3146 866 3205 ln
880 3145 954 3206 Tim.
968 3167 995 3224 p.
1015 3166 1073 3223 334
1084 3147 1109 3204 Β
1122 3167 1128 3205 ι
1150 3149 1192 3203 διά
1209 3149 1239 3219 δὴ
1253 3152 1328 3203 τοῦτο
1341 3148 1382 3202 καὶ
1395 3147 1441 3201 τδν

338 3247 414 3318 ἡλιον
438 3244 494 3302 νέον
517 3246 576 3301 θεδν
599 3246 719 3300 εἰώθασιν
739 3246 884 3302 ἀποκαλεῖν
927 3245 968 3303 καὶ
995 3247 1050 3303 νέος
1077 3244 1121 3318 ἐφ’
1144 3247 1223 3320 ἡμέρῃ
1248 3247 1330 3316 ἥλιος,
1358 3244 1441 3316 φησὶν

336 3344 518 3418 Ἡράκλειτος,
535 3345 569 3402 ὣς
582 3347 750 3414 Διονυσιακῆς
763 3345 903 3416 μετέχοντα
917 3343 1203 3421 δυνόμεως-Βθερὶυ.
1218 3343 1302 3402 Plato
1316 3342 1352 3400 de
1366 3341 1438 3418 Rep.

338 3440 379 3501 vi.
390 3461 417 3518 p.
430 3444 488 3518 498
500 3440 526 3497 B
540 3437 629 3518 (conf.
644 3439 739 3500 Schol.
753 3440 791 3498 ad
804 3439 891 3520 Ιοο.);
913 3437 1138 3518 Olympiodorus
1155 3441 1187 3499 in
1205 3441 1279 3501 Plat.
1291 3439 1397 3498 Phaed.
1412 3459 1441 3518 p.

343 3558 399 3599 τοι
417 3537 541 3597 Finokh.
557 3535 608 3616 (ad
621 3537 657 3595 fr.
672 3537 728 3595 XX
742 3536 870 3617 citatus).

381 3652 491 3696 xxxxv.
521 3635 635 3712 Respic.
658 3634 833 3695 Plutarchus
857 3635 892 3694 de
917 3635 982 3695 Def.
1005 3656 1079 3696 orac.
1104 3655 1148 3709 12,
1171 3656 1200 3713 p.
1227 3638 1303 3708 416:
1332 3638 1451 3694 ἐνιαυτὸς.

340 3735 424 3807 ἀρχὴν
443 3736 471 3791 ἐν
493 3735 561 3809 αι’πῷ
580 3736 621 3789 καὶ
641 3735 762 3805 τελτυτὴν
782 3737 847 3805 όμοῦ
871 3738 971 3792 πάντων
992 3737 1027 3791 ὧν
1047 3737 1174 3810 φέρουσιν
1194 3737 1257 3810 δραι
1276 3738 1309 3810 γὴ
1330 3735 1359 3790 δέ
1380 3733 1442 3806 φύει

340 3829 549 3906 περιέχων-Μ.
564 3829 731 3890 Antoninus
745 3831 791 3890 lx.
808 3851 843 3906 3:
871 3833 923 3890 ὅσα
943 3837 969 3888 al
987 3839 1033 3890 τοῦ
1054 3838 1104 3889 σοῦ
1124 3836 1184 3899 βίου
1205 3835 1268 3907 δραι
1288 3835 1441 3906 φέρουσι-

339 3928 631 4007 pseudo-Heraclitus
642 3928 735 4006 Epist.
746 3949 780 3988 v:
801 3930 944 4002 μιμὴσομαι
959 3932 1026 4002 θεόν,
1037 3930 1066 3989 δς
1079 3934 1179 4001 κόσμου
1192 3928 1313 4004 ἀμετρίας
1326 3931 1444 3986 ἐπανισοῖ

340 4028 405 4104 ἡλίῳ
420 4028 566 4085 ἐπιτάττων.

382 4140 477 4184 xxxv.
500 4123 679 4201 Hippolytus
700 4123 763 4183 Ref.
784 4123 863 4184 haer.
884 4123 923 4185 ἐκ.
942 4143 994 4184 10:
1024 4126 1083 4182 οὐδὲ
1104 4128 1197 4184 σκότος
1218 4126 1276 4181 οὐδὲ
1297 4128 1362 4198 φῶς,
1383 4125 1442 4180 οὐδὲ

339 4223 452 4293 πονηρὸν
465 4222 524 4276 ούδέ
544 4222 640 4294 ἀγαθόν
654 4222 741 4294 ἔτερόν
754 4225 838 4295 φησιν
851 4219 913 4278 εἶναι
928 4223 1131 4296 ὁἭρόκλειτος,
1148 4222 1218 4277 ἀλλά
1234 4220 1261 4277 ἐν
1274 4223 1314 4277 καὶ
1328 4223 1358 4276 τδ
1372 4220 1443 4276 αὐτό·

340 4318 443 4387 ἐπιτιμᾷ
455 4321 518 4390 γοῦν
526 4316 644 4394 Ἠσιόδιρ
658 4318 698 4374 ὅτι
711 4319 806 4393 ἡμέραν
820 4322 860 4376 καὶ
874 4319 950 4376 νύκτα
970 4316 1045 4378 οἶδεν·
1072 4318 1152 4393 ἡμέρα
1170 4321 1229 4394 γάρ,
1245 4320 1323 4394 φησί,
1337 4319 1378 4374 καὶ
1396 4316 1442 4388 νύξ

371 4523 455 4562 xxxv.
473 4510 621 4578 εὐφροσύνην
632 4514 687 4566 cod.
699 4530 762 4565 οσιτ.
774 4515 870 4566 Miller.
