3252 5174
666 445 881 493 ΗΡΑΚΛΕΙΤΟΥ
902 444 1046 492 mmor

253 825 256 836 ,
290 731 364 803 Ἓν
383 731 425 804 τό
450 732 562 831 σοφόν
581 739 700 816 μοῦνον
719 733 881 825 λέγεσθαι
906 734 961 803 οόκ
982 730 1085 803 ἐθέλει
1106 731 1159 801 καὶ
1183 731 1285 802 ἐθέλει
1304 728 1404 814 Ζηνός

302 846 434 928 οὕνομα.
854 833 857 840 ¹

791 941 913 1005 LXVI.

301 1054 373 1126 Τοῦ
388 1057 467 1143 βιοῦ
483 1057 604 1139 οὕνομα
621 1055 706 1144 βίος,
727 1056 828 1152 ἔργον
847 1053 880 1124 cll
898 1051 1047 1130 θάνατος.

783 1226 924 1293 LXVII.
1014 1244 1020 1252 ·

295 1337 471 1412 Ἀθάνατοι
508 1341 631 1429 θνητοί,
668 1341 780 1424 θνητοὶ
819 1340 991 1427 ἁθόνατοι,
1029 1336 1146 1438 ζῶντες
1184 1336 1244 1410 τόν
1283 1340 1402 1410 ἐκείνων

300 1451 443 1525 θάνατον
469 1451 529 1524 τόν
555 1451 589 1522 ὁὲ
614 1454 734 1523 ἐκείνων
759 1453 836 1543 βίον
858 1457 1039 1528 τεθνεῶτες.

300 1642 327 1696 ἐν
347 1637 385 1698 οἶς
405 1643 483 1713 φησι·
505 1643 620 1697 θάνατός
641 1641 714 1696 ἐστιν
734 1643 815 1697 ὁκόσα
836 1641 980 1715 ἐγερθέντες
1001 1641 1114 1712 ὁρέομεν,
1137 1641 1218 1694 ὁκόσα
1239 1641 1266 1696 δέ
1288 1638 1403 1696 εὕδοντες

299 1737 552 1814 ὕπνος;-Βοερὶο.
575 1738 645 1796 forr.
672 1737 805 1796 Clemens
829 1738 914 1798 Alex.
937 1737 1043 1797 Strom.
1068 1758 1096 1797 v.
1124 1757 1169 1810 14,
1194 1758 1222 1815 p.
1251 1751 1327 1812 712:
1356 1739 1403 1807 τὴν

299 1837 406 1892 ἐνταῦθα
420 1837 514 1910 ἡμέραν
527 1838 671 1910 νυκτερινὴν
684 1838 804 1908 κέκληκεν
817 1881 823 1893 .
841 1881 847 1895 .
863 1881 870 1894 .
887 1881 893 1895 .
908 1835 988 1893 ὕπνον
1002 1838 1030 1892 δέ
1043 1837 1083 1891 καὶ
1097 1838 1204 1892 θάνατον
1217 1837 1263 1907 τὴν
1277 1837 1313 1893 εἷς
1327 1841 1402 1904 σῶμα
1444 1820 1446 1824 ¹

300 1937 408 1992 κάθοδον
421 1939 467 2006 τῆς
486 1937 577 2009 ψυχῆς
593 1938 655 1993 κατὰ
675 1937 755 1992 ταύτὰ
774 1941 812 2012 τῷ
831 1931 1117 2012 Ἡρακλείτῳ-θοαί
1132 1933 1269 1992 Philode
1286 1930 1400 2008 Ioueph.

302 2051 349 2103 22,
363 2051 391 2110 p.
409 2045 457 2108 59.

340 2147 411 2189 uxr.
442 2129 576 2189 Clemens
596 2127 682 2188 Alex.
704 2129 810 2189 Strom.
832 2150 859 2188 ν.
886 2149 932 2202 14,
948 2149 975 2206 p.
993 2133 1051 2205 718
1067 2128 1226 2210 (zEuseb.
1243 2129 1321 2188 RE.
1337 2127 1399 2187 xiii.

304 2249 350 2304 13.
365 2249 394 2306 p.
411 2225 506 2306 681):
535 2225 592 2284 οἶδα
613 2229 665 2302 ἐγὼ
686 2231 726 2284 καὶ
746 2231 874 2284 Πλάτωνα
893 2234 1140 2303 προσμαρτυροῦντα
1157 2229 1317 2304 Ἡρακλείτῳ
1337 2229 1401 2301 γρό-

300 2331 387 2403 pom·
415 2325 466 2382 Ἐν
478 2329 508 2382 τό
522 2330 611 2400 σοφόν
623 2331 717 2398 μοῦνον
729 2327 854 2402 λέγεσθαι
874 2329 919 2382 αιἰκ
939 2329 1025 2384 ἐθέλει
1046 2330 1086 2383 καὶ
1107 2329 1195 2383 ἐθέλει
1216 2331 1294 2398 Ζηνὸς
1314 2328 1402 2397 ὄνομα.

300 2428 341 2482 καὶ
355 2428 442 2482 πόλιν·
470 2428 557 2496 Νόμας
571 2427 611 2480 καὶ
623 2429 707 2496 βουλῇ
722 2427 856 2482 πείθεσθαι
871 2429 925 2484 ἐνός
938 2423 1027 2503 (=fr.
1038 2423 1114 2504 CX).

341 2541 425 2582 μανι.
440 2521 536 2582 Schol.
550 2521 582 2580 in
597 2522 632 2580 Il.
644 2521 663 2580 i.
676 2542 724 2598 49,
738 2543 783 2600 up.
799 2523 925 2584 Cramer.
942 2521 982 2581 A.
994 2524 1024 2581 P.
1039 2523 1081 2582 iii.
1092 2543 1122 2600 p.
1138 2542 1192 2581 122
1207 2520 1293 2600 (conf.
1301 2543 1331 2600 p.
1342 2542 1402 2597 3²0

299 2627 329 2679 et
343 2619 513 2698 Matrangae
527 2617 565 2679 A.
576 2618 612 2679 G.
627 2641 655 2697 p.
672 2619 761 2699 391):
784 2667 813 2680 ..
830 2667 836 2680 .
855 2627 914 2689 βιός
934 2624 1061 2693 ὀξυτόνως
1081 2625 1122 2678 διὰ
1135 2625 1181 2694 τὴν
1197 2625 1262 2695 πρὸς
1282 2627 1327 2679 τὸν
1345 2624 1404 2690 βίον

299 2720 508 2792 ἀντιδιαστολὴν.
538 2721 603 2775 ἔοικε
616 2721 667 2794 γὰρ
681 2723 731 2776 ὑπὸ
744 2727 796 2778 τῶν
810 2703 922 2794 ἀρχαίων
937 2722 1074 2794 ὁμωνύμως
1082 2723 1207 2796 λέγεσθαι
1216 2725 1273 2787 βιός
1285 2724 1315 2776 τὸ
1326 2723 1403 2790 τόξον

299 2821 340 2874 καὶ
353 2819 369 2889 ἡ
384 2818 443 2890 ζωή·
466 2819 633 2892 Ἡράκλειτος
653 2823 717 2893 γοῦν
738 2823 752 2874 ὁ
774 2823 915 2878 σκοτεινός·
939 2825 980 2897 Τῷ
1001 2821 1046 2876 οὖν
1065 2821 1134 2896 τόξῳ
1154 2821 1233 2891 ὄνομα
1256 2815 1315 2898 [μέν
1334 2819 1401 2877 add.
1427 2879 1429 2882 ,

299 2937 329 2994 p.
355 2912 426 2998 320]
448 2919 513 2985 βίος,
535 2918 612 2990 ἔργον
633 2919 661 2973 δὲ
682 2916 961 2994 θάνατος-Εςγαιοί.
983 2937 1077 2994 magn.
1099 2937 1121 2976 ς.
1135 2938 1164 2976 v.
1186 2916 1403 2984 βιός-Ταοοαοε

299 3015 390 3090 Exeg.
404 3014 435 3071 in
449 3014 483 3072 Il.
498 3033 527 3090 p.
547 3030 599 3071 101
618 3012 741 3072 Herm:
764 3016 802 3071 ὅτι
824 3018 852 3071 δὲ
872 3018 930 3083 βίος
951 3016 1056 3090 ἐλέγετο
1077 3019 1118 3071 καὶ
1137 3018 1208 3082 αὐτό,
1227 3019 1309 3089 φησιν
1321 3017 1402 3090 Ἡρά-

300 3116 400 3171 κλειτος
413 3117 428 3169 ὁ
442 3114 580 3170 σκοτεινός·
601 3119 642 3188 Τῷ
656 3115 684 3168 δέ
697 3115 764 3190 τόξῳ
779 3114 857 3186 όνομα
869 3115 937 3181 βίος,
951 3115 1028 3187 ἔργον
1038 3115 1065 3169 δὲ
1079 3112 1403 3171 θόνατος-Εαεὸαθιίαε

300 3209 332 3268 in
352 3210 390 3268 Il.
412 3209 431 3270 i.
454 3231 501 3286 49,
523 3232 552 3289 p.
578 3230 635 3284 41:
665 3215 705 3268 διὸ
726 3215 767 3269 καὶ
786 3213 896 3270 ἀστείως
916 3215 931 3266 ό
951 3215 1080 3270 σκοτεινὸς
1098 3213 1265 3286 Ἡράκλειτος
1286 3214 1345 3285 ἔφη,
1368 3215 1402 3270 ὣς

301 3310 350 3383 ἅμα
371 3315 418 3366 τοῦ
442 3315 511 3377 βιοῦ,
535 3315 592 3382 ἤτοι
612 3315 659 3366 τοῦ
680 3313 766 3380 τόξου,
788 3313 817 3366 τό
837 3312 884 3382 μέν
904 3312 982 3379 ὄνομα
1003 3312 1069 3382 βίος,
1089 3312 1119 3366 τὸ
1141 3313 1169 3366 δέ
1190 3312 1265 3383 ἔργον
1287 3312 1401 3369 θάνατος.

300 3409 500 3480 παρωνόμασται
512 3410 559 3481 μὲν
572 3411 623 3483 γὰρ
637 3410 665 3465 ἐκ
679 3414 725 3464 τοῦ
738 3413 806 3479 βιοῦ,
822 3410 855 3466 ὣς
869 3413 914 3463 τοῦ
931 3411 976 3479 ζῆν
989 3407 1075 3477 αἴτιος,
1092 3410 1195 3463 θανατοῖ
1215 3409 1243 3462 δέ
1263 3409 1323 3465 τοὺς
1336 3412 1401 3480 βλη-

301 3506 390 3563 θέντος
410 3508 450 3561 καὶ
465 3508 594 3579 στερίσκει
612 3511 658 3564 τοῦ
679 3505 846 3578 (pv-Confi
861 3503 1058 3582 Hippocrates
1072 3529 1101 3567 π.
1115 3509 1214 3580 τροφῆς
1230 3524 1284 3564 21:
1308 3511 1403 3579 οὕνομα

299 3604 394 3676 τροφή,
409 3605 486 3678 ἔργον
500 3606 527 3660 δέ
543 3605 612 3677 οὐχί.

341 3718 438 3760 van.
470 3701 554 3761 Philo
575 3703 644 3780 Leg.
665 3703 746 3780 alleg.
768 3703 786 3762 i.
810 3722 857 3778 33,
879 3722 907 3779 p.
930 3705 985 3777 65:
1007 3703 1036 3759 εό
1056 3707 1096 3759 καὶ
1117 3707 1131 3758 ό
1151 3703 1321 3777 Ἡράκλειτος
1339 3707 1403 3760 κατὰ

298 3805 375 3856 τοῦτο
397 3802 530 3860 Μωυσέως
553 3802 732 3873 ἀκολουθήσας
752 3809 789 3879 τῷ
811 3805 926 3876 δόγματι·
947 3805 1016 3876 φησὶ
1035 3805 1094 3876 γάρ·
1128 3807 1215 3872 Ζῶμεν
1235 3803 1281 3856 τὸν
1301 3802 1403 3857 ἐκείνων

298 3899 407 3956 θάνατον
427 3900 579 3973 τεθνήκαμεν
599 3903 628 3957 δέ
646 3903 693 3956 τὸν
710 3899 810 3957 ἐκείνων
829 3902 897 3972 βίον,
917 3902 951 3959 ὧς
971 3906 1016 3956 νῦν
1036 3901 1091 3972 μέν,
1112 3899 1156 3956 ὁτε
1176 3901 1292 3970 ε’νζῶμεν,
1312 3902 1402 3970 τεθνη-

297 3999 367 4056 κνίας
380 4002 424 4070 τῆς
434 4001 525 4072 ψυχῆς
533 4002 574 4056 καὶ
588 4001 622 4058 ὣς
635 4001 666 4054 όν
679 4001 707 4056 ἐν
721 3998 816 4070 σήματι
829 4004 866 4074 τῷ
877 4003 976 4071 σώματι
990 3999 1219 4069 ἐντετνμβιυμέιγς
1232 3996 1401 4056 rvr-Idem

297 4094 354 4169 Qu.
375 4095 407 4154 in
429 4096 502 4156 Gen.
523 4095 561 4157 iv.
580 4112 647 4172 152,
662 4116 690 4173 p.
707 4100 766 4172 360
787 4094 932 4157 Aucher.:
954 4095 1120 4154 Heraclitus
1138 4095 1239 4154 furtim
1261 4116 1278 4154 ο
1300 4095 1403 4173 Moyse

296 4193 414 4270 dempta
435 4195 497 4272 lege
518 4199 548 4254 et
569 4195 714 4254 sententia
734 4195 829 4254 dixit:
855 4194 990 4254 Vivimus
1011 4214 1110 4253 eorum
1131 4199 1224 4253 morte
1243 4198 1273 4252 et
1293 4195 1402 4253 mortui

329 4375 391 4411 uxv.
409 4361 487 4412 ἐθέλει
505 4363 544 4412 καὶ
561 4365 605 4414 οὐκ
622 4363 701 4413 ἐθέλει
717 4365 831 4429 Bemays
847 4364 886 4414 M.
898 4365 949 4417 Rh.
959 4365 994 4414 ix.
1006 4382 1031 4429 p.
1045 4354 1092 4430 256
1128 4370 1137 4424 ΙΙ
1151 4369 1207 4430 post
1223 4365 1313 4425 posuer
1329 4365 1402 4414 colon

296 4441 385 4489 inserit
396 4441 516 4490 Schuster
550 4447 560 4501 ΙΙ
573 4441 663 4503 οὕνομα
674 4443 778 4493 Eusebii
789 4443 842 4492 cod.
854 4443 879 4491 D
891 4461 896 4493 :
915 4442 990 4504 ὄνομα
1001 4444 1070 4508 vulg.
1081 4461 1087 4494 ε
1105 4442 1220 4504 οὐνόματι
1232 4443 1356 4492 Mulluch.

331 4531 401 4567 μανι.
414 4535 437 4568 v.
448 4519 607 4569 Vulckenaer
617 4521 650 4570 ad
661 4522 749 4585 Eurip.
762 4522 858 4572 Phoen.
872 4522 934 4572 1168
948 4539 953 4580 ;
972 4523 1074 4572 Lobeck
1085 4522 1211 4587 Aglaoph.
1222 4540 1247 4587 p.
1260 4523 1317 4584 870.
