3252 5174
688 395 900 442 ΗΡΑΚΛΕΙΤΟΥ
921 393 1063 441 nonnos

746 653 749 658 ·
796 637 955 722 cxvnr.

326 784 515 855 Δοκεόντων
540 783 558 853 ὁ
589 781 813 866 δοκιμώτατος
843 781 992 872 γινώσκει
1019 775 1196 850 πλάσσειν·
1230 778 1283 850 καί
1312 780 1426 863 μέντοι

324 898 377 968 καὶ
403 895 471 979 δίκη
496 891 736 988 καταλήψεται
763 891 910 986 ψευδέων
933 893 1090 969 τέκτονας
1114 893 1167 962 καὶ
1193 889 1371 990 μάρτυρας.

816 1097 938 1166 CXIX.

369 1241 529 1327 Diogenes
551 1210 658 1305 Luertl
678 1240 723 1305 ix.
742 1259 781 1306 1:
812 1241 865 1303 τόν
888 1237 912 1302 θ’
930 1237 1088 1320 Ὅμηρον
1111 1238 1242 1320 ἔφασκεν
1264 1236 1367 1316 ἄξιον
1389 1241 1428 1303 ἐκ

325 1351 391 1410 τῶν
420 1347 565 1428 ἀγώνων
594 1343 845 1424 ἐκβάλλεσθαι
878 1343 936 1406 καὶ
967 1343 1189 1424 ῥαπίζεσθαι,
1224 1342 1280 1406 καὶ
1309 1341 1427 1424 Ἀρχί-

325 1456 436 1533 λοχον
457 1447 574 1528 ὁμοίως.

822 1579 925 1645 ΟΧΧ.

327 1703 422 1768 Unus
436 1701 504 1766 dies
518 1723 576 1786 per
591 1700 678 1767 omni
692 1705 750 1765 est.

325 1949 475 2022 ἀντερείδων
487 1948 528 2002 καὶ
541 1945 575 2018 μὴ
593 1946 669 2002 παντὶ
686 1946 759 2020 λόγῳ
776 1946 889 2018 πλάγιον
907 1946 997 2017 ὥσπερ
1015 1943 1139 2014 πνεύματι
1158 1943 1314 2017 παραδιδοὺς
1328 1946 1426 2012 ἑαυτόν,

325 2049 385 2103 ἀλλ’
395 2047 478 2121 ὀρθῶς
486 2047 556 2118 ἔχειν
569 2043 675 2115 νομίζων
688 2046 727 2114 τά,
738 2043 811 2111 site
824 2043 957 2115 ἅνθρωπος
970 2043 1013 2098 ἐπὶ
1022 2045 1098 2098 παντὶ
1111 2045 1182 2118 λόγῳ
1192 2046 1267 2115 φιλεῖ
1276 2043 1429 2114 ἐπτοῆσθαι,

324 2147 413 2203 πολλὰ
426 2144 603 2218 διακρούσεται
616 2147 666 2198 τῶν
680 2143 725 2198 οὔκ
738 2142 839 2211 ἀληθῶς
854 2141 912 2196 οὐδὲ
927 2143 1064 2214 ὠφελίμως
1077 2141 1232 2213 λεγομένων.

366 2259 476 2301 oxvm.
499 2241 632 2300 Clemens
651 2237 736 2297 Alex.
751 2237 858 2297 Strom.
872 2258 900 2296 v.
919 2257 943 2310 r,
958 2257 988 2314 p.
1003 2239 1081 2314 649:
1104 2240 1243 2294 δοκεόντων
1259 2240 1310 2314 γὰρ
1329 2244 1344 2295 ὁ
1359 2240 1428 2294 δοκι-

324 2345 439 2415 μώτατος
465 2344 586 2415 γινώσκει
610 2340 767 2411 φυλάσσειν·
800 2341 841 2393 καὶ
865 2338 951 2409 μέντοι
973 2339 1013 2393 καὶ
1037 2339 1093 2408 δίκη
1117 2337 1294 2410 καταληφεται
1321 2338 1429 2409 φευδῶν

325 2441 441 2496 τέκτονας
467 2440 507 2494 καὶ
530 2439 667 2511 μάρτυρας,
693 2439 707 2489 d
731 2436 855 2507 Ἐφέσιός
880 2438 971 2508 φησιν.
1014 2432 1082 2492 οἶδεν
1105 2437 1155 2509 γάρ
1179 2438 1221 2491 καὶ
1240 2434 1314 2492 οὗτος
1335 2436 1362 2489 ἐκ
1383 2436 1429 2504 τῆς

324 2539 459 2611 βαρβάρου
472 2538 637 2610 φιλοσοφίας
650 2536 738 2606 μαθὼν
750 2535 796 2604 τὴν
810 2535 851 2589 διὰ
864 2537 945 2607 πυρδς
958 2534 1083 2608 κάθαρσιν
1096 2537 1147 2588 τῶν
1159 2538 1241 2591 κακῶς
1252 2535 1427 2603 βεβιωκότων,

325 2635 355 2707 ἦν
368 2633 478 2708 ὕστερον
491 2633 636 2708 ε’κπίιρωσιν
649 2635 775 2689 ἐκάλεσαν
788 2635 813 2688 ol
827 2633 939 2689 Στωικοί.

366 2749 449 2792 cxlx.
476 2731 557 2806 Quae
579 2739 718 2809 tanquam
740 2729 797 2790 huo
821 2729 971 2789 referende
994 2728 1173 2808 (Ἡράκλειτος
1195 2732 1310 2787 ε’ντεῦθεν
1330 2732 1427 2804 ἀστρο-

325 2835 405 2906 λόγον
415 2833 485 2905 φησὶ
495 2828 669 2909 τὸυόμηρον)
681 2850 696 2888 e
707 2827 883 2890 ScholVen.
893 2826 958 2910 (A.)
970 2828 1007 2886 sd
1020 2828 1056 2886 Il.
1069 2827 1150 2887 xviii.
1164 2844 1219 2904 251
1231 2832 1262 2886 et
1271 2827 1427 2887 Eustethio

324 2948 353 3005 p.
361 2948 373 2986 1
382 2948 447 3002 142,
463 2944 480 3004 5
495 2929 539 2987 ed.
551 2928 633 2986 Rom.
645 2927 825 3004 deprompsit
839 2925 1083 2986 Schleiermeoher
1090 2947 1118 3004 p.
1129 2941 1197 3002 345,
1206 2947 1239 2986 ee
1250 2925 1322 2984 mihi
1332 2927 1428 2985 aliene

325 3027 470 3098 videntur,
493 3025 660 3085 Heraclidis
679 3026 800 3085 f01tusse
821 3023 946 3083 Milesii:
967 3024 1040 3083 conf.
1063 3024 1237 3085 Euetethius
1256 3044 1284 3101 p.
1302 3037 1371 3098 705,
1386 3028 1426 3083 60

325 3131 355 3184 et
368 3122 498 3183 Achilles
512 3124 576 3184 Tet.
593 3124 669 3202 Iseg.
683 3145 712 3202 p.
731 3143 787 3197 124
802 3123 827 3181 B
842 3122 941 3182 Petav.

299 3206 312 3218 .
366 3240 436 3284 cxx.
458 3223 566 3283 Seneca
579 3223 674 3300 Epist.
693 3242 749 3282 ιτς
771 3220 948 3293 Heraclitus,
963 3220 1011 3280 eui
1029 3240 1188 3299 cognomen
1206 3221 1275 3280 feeit
1287 3221 1428 3280 orationis

325 3321 494 3393 obscuritas,
518 3322 605 3380 Unus
633 3321 702 3393 dies,
732 3320 839 3398 inquit,
866 3340 920 3398 per
947 3320 1028 3378 omni
1055 3324 1105 3379 est.
1158 3320 1213 3378 hoc
1240 3319 1315 3378 elius
1342 3319 1428 3379 aliter

325 3417 458 3495 excepit:
481 3417 557 3476 dixit
576 3416 654 3476 enim
671 3437 770 3495 perem
789 3436 850 3476 esse
871 3417 960 3490 horis,
974 3437 1027 3477 nee
1045 3417 1187 3477 mentitur
1208 3461 1214 3476 .
1238 3463 1244 3476 .
1269 3460 1276 3475 .
1297 3417 1429 3476 adussit

324 3535 425 3592 parem
446 3535 506 3574 esse
526 3535 618 3574 unum
639 3514 716 3574 diem
737 3515 873 3574 omnibus
895 3514 1109 3575 similitudine:
1141 3515 1215 3575 nihil
1237 3515 1315 3574 enim
1339 3515 1428 3574 habet

325 3613 488 3691 longissimi
515 3612 654 3691 temporis
678 3612 807 3690 spatium
831 3613 911 3691 quod
931 3634 991 3672 non
1017 3618 1047 3671 et
1071 3612 1103 3670 in
1127 3634 1185 3672 uno
1213 3614 1260 3673 die
1288 3612 1427 3685 invenies,

326 3712 420 3770 luoem
435 3717 465 3771 et
483 3716 597 3770 noctem
616 3715 647 3770 et
664 3711 790 3770 alternas
809 3711 912 3771 mundi
933 3711 1224 3772 vices-Plutarchus
1240 3712 1352 3772 Gemill.
1371 3731 1427 3787 19:

326 3813 385 3885 περὶ
399 3808 421 3866 δ’
436 3811 535 3885 ἡμερῶν
553 3809 719 3883 ἀποφράδων,
739 3809 789 3868 ε’ίτε
807 3812 858 3885 χρὴ
877 3809 997 3868 τίθεσθαί
1015 3835 1092 3882 τινας,
1107 3808 1151 3867 εἴτ’
1165 3811 1249 3886 ὀρθῶς
1259 3811 1430 3885 Ἡράκλειτος

327 3911 471 3980 ἐπέπληξεν
484 3909 599 3985 Ἡσιόδῳ
613 3911 658 3967 τὰς
676 3911 723 3981 μὲν
736 3912 834 3984 ἀγαθὰς
846 3911 988 3987 ποιουμένῳ
1007 3913 1053 3968 τάς
1072 3911 1100 3966 δά
1118 3909 1229 3982 φαύλας,
1244 3913 1279 3967 ὣς
1295 3910 1429 3983 ἀγνοοῦντι

327 4009 411 4081 φύσιν
424 4008 519 4082 ἡμέρας
532 4010 634 4078 άπάσης
646 4012 706 4080 ριάν
720 4009 808 4082 οὖσαν,
824 4009 927 4083 ἑτέρωθι
941 4011 1098 4083 διηπόρηται.

361 4320 454 4357 oxvm.
470 4307 586 4357 δοκίωτα
601 4308 812 4358 Schleiermeeher
846 4311 858 4372 ΙΙ
874 4307 1003 4370 γινώσκειν
1018 4306 1229 4357 Schleiermeeher
1264 4310 1274 4364 ΙΙ
1290 4304 1429 4368 φυλάσσειν

327 4386 412 4450 vulg.:
428 4384 550 4448 φυλάσσει
566 4386 791 4436 Schleiermueher:
811 4384 948 4448 φλυάσσειν
964 4386 1063 4452 Bergk:
1081 4383 1202 4434 πλάσσειν
1217 4384 1330 4449 Bernsys
1346 4385 1428 4434 Heru-

328 4463 379 4514 elit.
390 4463 407 4511 i.
419 4479 443 4527 p.
456 4465 487 4526 38
516 4468 526 4522 ll
538 4464 631 4529 θευδῶυ
642 4465 709 4528 vulg.
