3252 5174
347 450 386 504 56
765 459 983 506 κνςαςιαικ-
998 461 1021 505 1.

345 627 384 688 οίς
404 632 495 703 φησιν·
518 628 610 702 Ἀξιον
629 629 765 702 Ἐφεσίοις
785 630 882 700 ήβηδδν
901 631 1040 686 ἀποθανεῖν
1059 633 1125 686 πᾶσι
1142 631 1183 684 καί
1203 631 1258 684 τοῖς
1275 626 1381 697 ἀνήβοις
1398 627 1446 698 τήν

344 732 422 786 πόλιν
441 731 595 800 καταλιπεῖν,
616 728 708 786 οίτινες
726 729 888 801 Ἑρμόδωρον
909 731 1010 784 ἐωυτῶν
1031 726 1150 797 ὀνήιστον
1167 727 1294 799 ἐξέβαλον
1313 726 1444 799 λέγοντες,

344 825 446 897 Ἡμέων
458 827 522 897 μηδέ
535 823 571 884 είς
584 826 702 897 ὀνήιστος
719 828 797 882 ἔστω·
819 828 842 881 εί
856 826 885 880 δέ
902 848 940 883 τις
957 831 1080 895 τοιοῦτος,
1095 825 1164 895 άλλη
1177 847 1206 880 τε
1224 826 1265 880 καί
1278 823 1332 895 μετ’
1346 825 1444 880 ἀλλων.

345 924 493 995 ἀξιούμενος
505 925 534 980 δέ
547 926 589 981 καί
604 927 695 996 νόμους
709 924 789 980 θεῖναι
801 927 866 997 πρός
885 925 967 979 αύτῶν
981 924 1096 997 ὑπερεῖδε
1110 925 1152 979 διὸ
1170 925 1200 979 τό
1214 924 1260 994 ἤδη
1275 922 1445 995 κεκρατῆσθαι

317 1024 486 1095 5τῇπονηρᾷ
498 1023 615 1093 πολιτείᾳ
633 1022 679 1093 τήν
696 1025 780 1078 πόλιν.
823 1016 869 1098 (3)
883 1019 1051 1093 ἀναχωρήσας
1069 1021 1097 1076 δι’
1116 1022 1152 1078 είς
1169 1021 1199 1075 τό
1213 1021 1281 1093 ίερδν
1296 1023 1341 1090 τῆς
1353 1019 1443 1090 Ἀρτέ-

344 1120 417 1188 μιδος
437 1121 501 1190 μετὰ
520 1124 572 1176 τῶν
586 1119 684 1176 παίδων
702 1117 882 1192 ἠστραγάλιζε·
910 1119 1086 1191 περιστάντων
1106 1118 1128 1172 δ’
1142 1119 1219 1173 αὐτόν
1238 1123 1289 1173 τῶν
1300 1115 1443 1190 Ἐφεσίων,

345 1216 384 1286 Τί,
405 1215 425 1269 ὦ
446 1217 569 1285 κάκιστοι,
588 1217 742 1286 θαυμάζετε;
768 1217 829 1288 ἐφη·
850 1215 866 1286 ή
887 1217 917 1270 οὐ
937 1219 1052 1287 κρεῖττον
1072 1219 1147 1270 τοῦτο
1166 1218 1249 1272 ποιεῖν
1268 1214 1283 1284 ἢ
1303 1213 1360 1284 μεθ’
1374 1215 1445 1283 ὑμῶν

344 1313 542 1387 πολιτεύεσθαι;
565 1317 605 1372 καί
619 1319 694 1374 τελος
706 1315 925 1388 μισανθρωπήσας
938 1317 978 1370 καί
989 1314 1133 1385 ἐκπατήσας
1146 1317 1174 1370 ἐν
1187 1319 1240 1372 τοῖς
1254 1313 1328 1388 ὄρεσι
1339 1315 1444 1383 διῃτᾶτο

344 1411 410 1468 πόας
423 1410 572 1483 σιτούμενος
585 1414 626 1468 καί
639 1414 757 1478 βοτάνας.
778 1415 820 1468 καὶ
831 1412 917 1484 μέντοι
932 1414 972 1468 καί
986 1413 1027 1468 διά
1039 1417 1115 1468 τοῦτο
1128 1413 1291 1485 περιτραπεὶς
1303 1413 1340 1468 είς
1354 1409 1445 1483 ὕδερον

302 1521 333 1562 10
346 1509 471 1580 κατῆλθεν
489 1511 524 1566 είς
542 1509 609 1565 άστυ
627 1512 667 1565 καλ
686 1515 738 1565 τῶν
752 1511 845 1581 ίατρῶν
864 1510 1053 1582 αἰνιγματώδως
1072 1510 1225 1565 ἐπυνθάνετο
1241 1510 1263 1564 εί
1283 1507 1400 1563 δύναιντο
1413 1507 1445 1575 ἐξ

345 1607 488 1680 ἐπομβρίας
508 1607 607 1678 αὐχμόν
619 1609 735 1676 ποιήσαι·
762 1612 812 1661 τῶν
826 1607 854 1661 δέ
869 1606 903 1677 μή
918 1607 1053 1676 συνέντων,
1066 1607 1143 1661 αὑτὸν
1155 1607 1191 1663 είς
1206 1604 1354 1673 βούστασιν
1367 1626 1444 1659 κατα·

344 1702 424 1776 ρύξας
443 1708 473 1774 τῇ
489 1709 541 1758 τῶν
553 1705 666 1769 βολίτων
679 1703 744 1775 ἀλέα
762 1705 873 1773 ήλπισεν
886 1700 1133 1773 ἐξατμισθήσεσθαι·
1157 1703 1230 1758 οὐδέν
1250 1701 1272 1757 δ’
1286 1700 1370 1756 ἀνύων
1389 1699 1443 1755 οὐδ’

344 1799 426 1858 οὕτως
447 1801 565 1857 ἐτελεύτα
583 1803 657 1868 βιούς
677 1803 719 1872 ἐτη
741 1800 867 1870 ἐξήκοντα.
910 1796 956 1879 (4)
972 1802 1012 1856 καί
1032 1803 1105 1856 ἐστιν
1118 1802 1155 1858 είς
1175 1802 1253 1856 αύτδν
1273 1800 1343 1872 ήμῶν
1362 1795 1444 1855 οὕτως

342 1900 413 1972 ἔχον·

303 2012 332 2064 15
508 1999 635 2054 πολλάκις
648 1996 817 2070 Ἠράκλειτον
829 1994 968 2068 ἐθαύμασα,
983 2001 1038 2054 πῶς
1050 2017 1113 2051 ποτε
1126 1999 1157 2051 τὸ
1171 1997 1216 2066 ζῆν

590 2097 640 2151 ὧδε
654 2094 808 2165 διαντλήσας
821 2093 950 2166 δύσμορος
963 2090 1007 2149 εἶτ’
1021 2094 1117 2151 ἔθανεν.

508 2201 583 2265 σῶμα
596 2195 646 2267 γάρ
660 2192 811 2266 ἀρδεύσασα
824 2191 885 2261 κακή
900 2194 976 2249 νόσος
990 2190 1061 2247 ὕδατι
1074 2191 1175 2264 φέγγος

589 2291 702 2355 ἔσβεσεν
716 2291 743 2345 ἐν
753 2289 899 2360 βλεφάροις
912 2289 953 2342 καί
965 2290 1059 2343 σκότον
1072 2286 1190 2361 ήγάγετο.
1362 2285 1382 2334 θ

342 2384 488 2458 Ἕρμιππος
502 2388 532 2442 δέ
544 2390 613 2459 φησι
625 2391 711 2460 λέγειν
725 2389 800 2442 αὐτόν
813 2388 865 2443 ταῖς
880 2387 974 2458 ἶατροῖς
993 2384 1066 2441 εἴτις
1085 2384 1187 2440 δύναται
1203 2385 1236 2438 τὰ
1248 2384 1337 2455 ἔντερα
1350 2382 1442 2441 πιάσας

303 2499 333 2534 20
345 2483 375 2536 τὸ
391 2483 470 2555 ὑγρόν
486 2483 615 2555 ἐξεράσω·
638 2483 794 2539 ἀπειπόντων
812 2483 849 2555 δέ,
867 2484 947 2539 θεῖναι
967 2482 1043 2536 αὑτὸν
1063 2480 1100 2538 είς
1118 2483 1164 2535 τόν
1181 2481 1257 2550 ἥλιον
1277 2479 1318 2532 καὶ
1331 2477 1444 2532 κελεύειν

346 2581 406 2652 τρύς
429 2581 522 2638 παῖδας
548 2582 667 2647 βολίτοις
694 2581 883 2638 καταπλάττειν
915 2565 985 2636 δύτω
1009 2580 1040 2650 δή
1067 2582 1273 2648 κατατεινόμενον
1300 2578 1443 2648 δευτεραῖον

345 2681 499 2748 τελευτῆσαι
522 2679 563 2734 καὶ
586 2681 697 2751 ταφήναι
718 2680 745 2734 ἐν
765 2683 796 2750 τῇ
820 2681 911 2753 ἀγορᾷ.
952 2678 1066 2747 Νεάνθης
1086 2675 1110 2731 δ’
1131 2679 1146 2730 ὁ
1166 2677 1301 2744 Κυζικηνός
1320 2676 1389 2745 φησι
1407 2673 1442 2743 μή

346 2775 482 2845 δυνηθέντα
500 2777 576 2832 αὐτόν
592 2777 745 2833 ἀποσπάσαι
760 2779 793 2832 τὰ
806 2781 900 2844 βόλιτα
917 2779 1001 2847 μεῖναι
1018 2776 1059 2829 καί
1077 2774 1119 2829 διά
1135 2773 1181 2843 τὴν
1194 2773 1339 2843 μεταβολήν
1351 2771 1441 2843 ἀγνοη-

346 2873 421 2929 θέντα
443 2878 604 2946 κυνόβρωτον
623 2876 752 2949 γενέσθαι.
786 2875 830 2948 (5)
853 2877 943 2948 γέγονε
963 2873 991 2928 δέ
1011 2872 1151 2942 θαυμάσιος
1171 2871 1199 2924 ἐκ
1215 2869 1320 2939 παίδων,
1339 2868 1382 2924 ὅτε
1402 2869 1443 2923 καί

302 2984 332 3034 25
347 2971 402 3028 νέος
423 2972 458 3027 ὣν
478 2973 578 3044 ἔφασκε
598 2974 676 3042 μηδὲν
696 2973 796 3044 είδέναι,
817 2973 919 3029 τέλειος
937 2971 1024 3041 μέντοι
1043 2973 1178 3044 γενόμενος
1198 2967 1280 3024 πάντα
1300 2967 1441 3040 ἐγνωκέναι·

346 3068 443 3138 ἤκουσέ
455 3091 483 3124 τε
497 3071 605 3140 οὐδενός,
620 3067 679 3124 ἀλλ’
690 3072 766 3126 αὑτὸν
779 3072 830 3143 ἔφη
847 3069 1000 3140 διζήσασθαι
1019 3069 1059 3122 καὶ
1072 3067 1161 3138 μαθεῖν
1173 3068 1255 3122 πάντα
1267 3064 1327 3137 παρ’
1338 3067 1441 3121 ε’ωυταῦ,

345 3168 448 3224 Σωτίων
471 3168 501 3223 δέ
521 3170 603 3240 φησιν
625 3167 747 3240 εἷρηκέναι
769 3169 838 3225 τινάς
861 3167 1022 3237 Ξενοφάνους
1045 3165 1121 3220 αύτόν
1144 3165 1281 3233 ἀκηκοέναι,
1306 3161 1392 3234 λέγειν
1414 3184 1444 3216 τε

344 3262 488 3336 Ἀρίστωνα
516 3267 599 3338 ἐντῷ
623 3266 682 3337 περὶ
708 3264 876 3337 Ἡρακλείτου
903 3263 944 3318 καί
965 3264 1010 3318 τὸν
1034 3259 1124 3334 ὕδερον
1150 3263 1226 3316 αὐτὸν
1253 3259 1442 3332 θεραπανθήναι,

346 3361 481 3418 ἀποθανεῖν
494 3364 521 3418 δέ
535 3362 603 3433 άλλη
617 3365 696 3438 νόσω.
737 3367 812 3418 τοῦτο
827 3362 854 3416 δέ
868 3362 908 3416 καί
921 3359 1074 3427 Ἱππόβοτός
1088 3361 1164 3431 φησι·
1214 3359 1244 3412 τὸ
1259 3357 1286 3412 δέ
1300 3358 1443 3429 φερόμενον

381 3542 393 3574 2
406 3524 525 3575 {avrde
538 3530 548 3585 ΙΙ
566 3524 680 3587 ὀνήιστον
691 3524 815 3573 Huebner
827 3521 881 3573 Oob.
894 3539 899 3571 :
918 3519 1032 3584 όνηιστδν
1042 3521 1109 3586 vulg.
1120 3538 1126 3570 :
1143 3517 1229 3583 ἡιστδν
1237 3519 1268 3568 Μ
1281 3523 1291 3578 ΙΙ
1311 3530 1325 3580 3
1338 3515 1442 3578 ὑμίωνθ

347 3608 357 3663 ΙΙ
370 3602 450 3666 μηδείς
463 3604 535 3653 οοὁ.;
552 3599 824 3664 μὴδέίαονήιστδιΜ
849 3605 859 3660 ll
882 3597 955 3648 άλλοι
967 3601 1010 3650 Fr.
1032 3604 1042 3658 ΙΙ
1067 3595 1299 3662 όταραστάντωνῦ
1319 3600 1329 3654 ΙΙ
1356 3593 1441 3659 γέφη]

347 3679 451 3729 εῖτενΝ
464 3685 473 3739 ΙΙ
488 3681 597 3742 ημῶνΜ
610 3685 620 3740 11
639 3680 778 3744 Βδιητοῦτο
788 3679 832 3730 Fr.
845 3683 855 3738 ΙΙ
874 3677 941 3742 ηεαδ
952 3676 1003 3741 διὰ]
1016 3675 1221 3727 καὶοιω.Αθοδ.
1233 3679 1244 3733 ΙΙ
1263 3675 1295 3722 είς
1306 3688 1354 3722 om.
1368 3672 1442 3723 LFr.

348 3762 359 3816 ΙΙ
374 3772 404 3806 10
416 3759 448 3805 είς
460 3773 508 3806 om.
520 3759 541 3807 G
554 3762 563 3816 ΙΙ
575 3758 753 3821 αίνιγματωδῶι
763 3758 862 3820 νιιΙΜι
871 3771 897 3804 11
908 3753 984 3804 αὐτὸν
992 3755 1075 3818 vulg.:
1093 3750 1168 3802 αὑτὸν
1176 3753 1211 3802 δί.
1220 3751 1278 3802 coh.
1291 3756 1301 3810 ΙΙ
1315 3751 1347 3799 el·
1356 3766 1403 3800 οαα
1412 3751 1443 3798 Μ

348 3840 358 3894 ΙΙ
371 3834 557 3898 βούστησινθτ.
571 3852 576 3884 :
588 3833 736 3890 βουστάσιον
744 3835 801 3886 Οοδ.
814 3839 825 3894 ΙΙ
840 3847 868 3882 12
882 3829 1046 3895 ἐξατμίζεσθοιι
1055 3832 1105 3880 AL
1118 3836 1128 3890 ΙΙ
1143 3830 1173 3880 16
1181 3827 1227 3878 ὧδε
1235 3828 1315 3880 om.L
1326 3845 1332 3876 :
1344 3828 1402 3889 τῆδε
1412 3827 1442 3876 Μ

348 3917 359 3972 ΙΙ
371 3912 488 3974 δάσμονοι
498 3913 530 3964 Μ
548 3917 558 3972 ll
579 3914 608 3962 18
619 3913 648 3962 ἐιι
658 3911 786 3976 βλεφάρων
796 3913 840 3962 Fr.
851 3912 888 3962 St.
904 3916 914 3970 ΙΙ
934 3909 1020 3960 σκότος
1032 3910 1062 3959 Μ
1080 3915 1090 3968 ΙΙ
1112 3923 1140 3974 19
1151 3915 1210 3972 φησι
1221 3906 1318 3971 λέγειν]
1330 3906 1400 3968 λέγει
1412 3906 1443 3955 Μ

348 3990 698 4055 11ίατροῖι]ίατροῖιείτεῖνΜ
717 3995 727 4049 ΙΙ
750 3988 888 4038 δύναιτοΜ
909 3993 919 4048 ΙΙ
941 3986 1153 4050 ιοέξιῖραιΜβό.
1176 3990 1186 4044 ΙΙ
1208 3999 1236 4034 21
1251 3983 1364 4033 πόδαςΜ
1382 3989 1392 4043 ΙΙ
1413 3997 1443 4032 22

347 4068 471 4132 ιιηζιιιηνδι
482 4071 508 4119 Α
521 4074 532 4129 ΙΙ
547 4084 577 4132 ²3
588 4068 628 4118 καὶ
639 4067 715 4118 om.O
727 4072 737 4126 ΙΙ
751 4065 800 4132 διὰ]
813 4067 881 4128 &M
895 4071 904 4125 ΙΙ
920 4081 951 4130 ²4
961 4063 1136 4128 ιιυνόβροτονῦ
1145 4065 1188 4113 Fr.
1202 4068 1212 4122 ΙΙ
1227 4076 1256 4126 ²5
1268 4060 1302 4112 ὢν
1311 4062 1389 4110 οαι.0
1400 4062 1445 4112 Fr.

347 4146 451 4211 έφασιιε]
470 4145 562 4211 ἔφασκε
579 4146 606 4195 δὲ
623 4147 645 4196 L
675 4151 685 4206 ΙΙ
715 4143 773 4194 εῖναι
791 4145 814 4193 L
830 4145 873 4194 Fr.
891 4145 966 4207 (conf.
983 4142 1091 4194 Maxim,
1108 4141 1179 4190 θοαί.
1196 4143 1275 4191 Serm.
1295 4139 1334 4202 56,
1350 4155 1376 4202 p.
1394 4137 1443 4202 663

347 4227 470 4290 combef.)
488 4231 498 4286 ΙΙ
519 4224 549 4275 26
566 4222 641 4274 αὑτὸν
651 4224 704 4275 δός
721 4240 737 4271 α
752 4220 796 4271 τὸν
811 4223 908 4271 codices
918 4225 979 4272 Fr.:
998 4219 1088 4270 ἑωυτὸν
1105 4219 1164 4270 Oob.
1184 4223 1194 4278 n
1213 4215 1353 4278 διζήσασθαι
1365 4217 1445 4266 codex

347 4305 467 4367 Μεααςὶἰ,
491 4304 545 4354 Oob.
568 4302 719 4366 (coniecerat
737 4300 924 4361 omubonus):
953 4297 1091 4360 διζήσεσθαι
1113 4296 1210 4346 AOLN
1234 4296 1313 4344 Μειςο.
1330 4297 1373 4344 Μ’.
1390 4295 1444 4344 δατ

347 4378 500 4444 διαζήαεσθαι
523 4382 554 4430 Μ
577 4380 670 4428 Burb.:
701 4382 795 4428 ‘semet
816 4377 1005 4442 investigandae
1025 4375 1128 4425 ven'tati
1157 4371 1268 4424 dedisse'
1294 4371 1445 4421 Ambrosius

348 4465 358 4520 ΙΙ
373 4459 461 4508 ἑαυτοῦ
478 4459 535 4508 ΑΜ
554 4458 635 4508 Marc.
656 4457 725 4509 Oob.:
749 4455 835 4504 ἑαυτοῦ
851 4455 922 4505 OLN
939 4453 1017 4503 Burb.
1035 4453 1079 4502 Fr.
1095 4450 1131 4503 st.
1161 4456 1171 4510 ΙΙ
1202 4459 1232 4514 ²7
1249 4449 1269 4498 δ’
1287 4449 1377 4512 ἔφησεν
1393 4449 1445 4500 AL

348 4547 359 4602 u
376 4553 406 4604 ²9
417 4536 551 4593 ίππόβωτοι
562 4537 584 4585 L

669 4688 734 4750 ιον)
766 4655 953 4766 οοτιλῡροίΝ
