3252 5174
702 455 914 503 ΗΡΑΚΛΕΙΤΟΥ
934 455 1076 503 mmor

338 746 450 846 Πυράς
467 747 701 836 ἀνταμείβεπαι
718 744 829 822 πάντα
846 748 900 818 καὶ
917 755 982 847 πῦρ
999 745 1164 834 ἁπάντων,
1180 746 1293 849 ὥσπερ
1311 757 1437 847 χρυσοῦ

335 864 493 958 χρηματα
511 861 563 932 καὶ
583 859 762 959 χρημάτων
778 861 912 958 χρυσός.

820 1009 953 1076 XXIII.

335 1130 506 1205 Θάλασσα
523 1131 689 1231 ἀιαχέεται
706 1135 759 1206 καὶ
775 1135 948 1232 μετρέεπαι
967 1136 997 1209 ἐς
1014 1132 1074 1205 τὸν
1091 1133 1190 1206 αῦπάν
1203 1134 1311 1228 λόγον
1328 1137 1435 1213 ὁκοῖος

335 1247 483 1346 πρόσθεν
499 1247 536 1329 ἢν
553 1247 572 1330 l]
590 1246 743 1340 γενέσθαι
762 1251 855 1339 Ῡγῆῒ.

376 1459 455 1501 xm.
478 1441 649 1501 Plutarchul
670 1442 707 1500 de
727 1441 770 1499 EI
791 1445 819 1514 8,
836 1461 865 1518 p.
883 1443 957 1516 388:
980 1444 1014 1499 ὧς
1033 1444 1086 1515 γάρ
1106 1442 1200 1513 έκεένην
1219 1438 1292 1519 (soll.
1312 1443 1359 1513 την
1379 1443 1434 1498 δια-

334 1547 486 1612 κοσμοῦσαν
509 1537 603 1619 ἀρχέην)
626 1542 794 1596 πλάτα-ουσαν
819 1533 874 1619 [ita
899 1538 1046 1614 Bernays:
1078 1539 1157 1616 vulg.
1182 1533 1382 1619 φυλάττουσαν]
1406 1541 1434 1595 έκ

334 1641 382 1710 μὲν
405 1641 496 1709 ἑαυτῆς
517 1641 564 1694 τὸν
584 1638 683 1710 κάσμον
703 1639 731 1694 ε’κ
751 1640 779 1693 δέ
800 1642 900 1707 κόσμου
919 1641 1000 1695 πάλιν
1023 1636 1055 1692 αὖ
1075 1638 1166 1708 ἑαυτὴν
1189 1639 1333 1706 ἀποτελεῖν,
1354 1641 1434 1710 πυράς

334 1760 363 1792 τε
387 1737 589 1807 ἀνταμείβεσθαι
609 1739 701 1806 πάντα,
722 1738 806 1808 φησὶν
826 1739 840 1790 ὁ
860 1735 1037 1808 Ἡράκλειτος,
1058 1737 1100 1791 καὶ
1121 1741 1173 1807 πῦρ
1197 1738 1323 1806 ἁπάντων,
1345 1737 1434 1809 ὥσπερ

334 1838 437 1907 χρυσοῦ
452 1834 570 1907 χρήματα
589 1837 629 1889 καὶ
647 1836 784 1907 χρημάτων
801 1836 910 1907 χρυσός·
933 1832 1014 1891 οὕτως
1027 1834 1042 1902 ἡ
1057 1837 1103 1903 τῆς
1119 1835 1243 1891 πεντάδος
1261 1835 1326 1906 πρὸς
1344 1834 1434 1902 ἑαυτὴν

334 1930 444 1990 σύνοδος
458 1934 532 1988 οὐδέν
549 1936 609 1988 οὔτε
627 1932 718 1990 ἀτελὲς
736 1935 795 1987 οὔτε
813 1933 953 2004 ἀλλότριου
970 1935 1062 2005 γεννᾶν
1080 1931 1202 2004 πέφυκεν,
1217 1931 1276 1986 ἀλλ’
1290 1933 1434 2004 ὡρισμένας

333 2031 389 2103 ἔχει
403 2033 550 2100 μεταβολάς
565 2027 710 2109 (adiacent
723 2028 807 2106 plura
821 2047 858 2087 ex
876 2027 1043 2087 Heracliteo
1059 2028 1140 2086 fonte
1157 2025 1432 2107 haustal-Respic.

333 2126 420 2184 Philo
446 2127 515 2204 Leg.
542 2127 626 2204 alleg.
651 2126 693 2186 iii.
721 2147 747 2202 3,
770 2147 800 2204 p.
826 2131 864 2202 89
889 2123 939 2206 (ad
960 2127 994 2186 fr.
1016 2126 1031 2184 1
1052 2124 1239 2206 nihl-Idem
1259 2125 1296 2184 de
1319 2125 1432 2185 Incorr.
1499 2176 1502 2184 ,

334 2224 436 2283 mundi
452 2245 498 2296 21,
513 2244 543 2301 p.
559 2228 636 2299 508:
658 2228 691 2281 τά
710 2229 829 2298 στοιχεῖα
847 2229 894 2280 τοῦ
913 2225 1012 2296 κόσμου
1031 2229 1088 2282 ταῖς
1104 2226 1142 2282 εἷς
1158 2225 1262 2296 ἄλληλα
1278 2227 1434 2296 μεταβολαῖς

334 2366 340 2381 .
360 2367 366 2382 .
383 2366 390 2381 .
406 2365 412 2380 .
428 2323 548 2394 θνήσκειν
564 2325 687 2379 δοκοῦντα
705 2321 916 2392 ἀπαθανατίζεται
935 2322 1104 2395 δολιχεῦοντα
1118 2323 1157 2378 ἀεὶ
1170 2324 1212 2378 καὶ
1224 2323 1270 2394 τὴν
1282 2324 1360 2392 αὐτὴν
1373 2322 1434 2377 ὁδὸν

332 2421 385 2477 άνοι
406 2424 447 2477 καὶ
468 2423 535 2476 κάτω
556 2427 672 2494 συνεχῶς
692 2419 1020 2492 ἀμείβοντα-Ῑιιιοίυηῦε
1039 2419 1103 2482 Vll.
1122 2426 1269 2493 aucl.14:
1293 2421 1345 2475 ἀνω
1365 2422 1433 2475 κάτα

332 2520 522 2592 περιχωρέοντα
538 2520 580 2574 καὶ
598 2519 753 2590 ἀμειβόμενα
773 2521 801 2574 έν
820 2524 851 2589 τῇ
872 2525 919 2577 τοῦ
938 2521 1028 2578 αἶῶνος
1046 2517 1320 2596 malui—Diogenes
1335 2516 1433 2576 Laerl.

332 2612 372 2672 ix.
388 2617 422 2673 8:
444 2618 486 2672 καὶ
499 2617 531 2671 τὰ
545 2616 586 2672 ε’πὶ
599 2616 693 2690 μέρους
706 2619 774 2693 αὐτῷ
788 2617 831 2673 ὧδ’
846 2619 900 2690 ἔχει
918 2623 969 2673 τῶν
987 2619 1129 2691 δογμάτων·
1152 2623 1205 2691 πῦρ
1224 2613 1286 2674 εἶναι
1303 2619 1434 2687 στοιχεῖον

332 2717 375 2770 καὶ
387 2716 468 2788 πυρὸς
481 2714 592 2785 ἀμοιβὴν
607 2717 640 2770 τά
658 2715 748 2786 πάντα,
762 2715 885 2788 ἀραιάσει
903 2717 944 2771 καὶ
961 2717 1091 2770 πυκνώσει
1106 2718 1250 2789 γιγνόμενα.
1292 2718 1386 2787 σαφῶς
1404 2714 1432 2769 δέ

332 2813 408 2867 οὐδὲν
428 2809 762 2870 &allevat-Heraclitus
782 2808 880 2888 Alleg.
904 2812 992 2870 Hom.
1015 2831 1054 2886 43
1072 2808 1163 2890 (conf.
1186 2811 1322 2872 ScholB
1340 2811 1377 2868 ad
1395 2809 1433 2870 Il.

332 2907 413 2967 xviii.
430 2912 498 2982 468,
513 2928 541 2986 p.
557 2923 616 2984 504
632 2909 755 2990 Bekk.):
776 2913 857 2984 πυρὸς
872 2913 923 2985 γὰρ
939 2913 970 2982 δὴ
991 2913 1055 2966 κατὰ
1075 2914 1119 2966 τὸν
1140 2913 1255 2984 φυσικὸν
1266 2911 1434 2984 Ἠράκλειτον

332 3007 427 3078 ἀμοιβῇ
448 3009 481 3063 τά
501 3007 586 3063 πάντα
604 3007 876 3081 ylverat-Plotinus
897 3006 972 3066 Enn.
994 3006 1034 3066 iv.
1056 3009 1083 3079 8,
1105 3026 1133 3084 p.
1157 3010 1233 3080 468;
1255 3005 1432 3066 lamblichus

331 3123 377 3181 ap.
393 3102 473 3163 stob.
488 3103 551 3163 Ecl.
564 3103 584 3162 i.
601 3123 637 3176 41
655 3102 705 3182 (ad
718 3105 751 3164 fr.
768 3104 937 3164 LXXXIII
951 3103 1200 3185 cil.)—Ilusebius
1214 3106 1314 3182 Praep.
1330 3124 1431 3181 evang.

331 3202 391 3261 xiv.
410 3222 436 3277 3,
450 3221 478 3279 p.
496 3215 570 3277 720:
593 3205 649 3259 ὁδὶ
663 3205 833 3278 Ἡράκλειτος
846 3206 928 3278 ἀρχὴν
940 3212 993 3260 τῶν
1009 3209 1111 3262 πάντων
1128 3208 1179 3279 ἔφη
1198 3201 1261 3261 εἶναι
1279 3207 1311 3260 τὸ
1330 3209 1382 3279 πῦρ
1403 3205 1433 3276 έξ

331 3301 363 3357 οῦ
386 3303 418 3358 τὰ
439 3304 523 3358 πάντα
542 3303 639 3376 γίνεται
660 3305 701 3358 καὶ
723 3305 759 3360 εἰς
781 3301 795 3357 ὃ
818 3302 962 3358 ἀναλύεται·
994 3304 1105 3374 ἀμοιβὴν
1126 3305 1177 3376 γάρ
1201 3299 1266 3358 εἶναι
1288 3303 1320 3358 τά
1341 3305 1431 3360 πάντα·

330 3403 426 3474 χρόνον
438 3424 467 3457 τε
481 3401 590 3473 ὡρίσθω
603 3404 649 3471 τῆς
662 3407 714 3456 τῶν
726 3402 828 3458 πάντων
841 3402 878 3460 εἷς
892 3403 924 3456 τὸ
940 3405 992 3475 πῦρ
1010 3400 1158 3461 ἀναλῦσεως
1176 3404 1217 3457 καὶ
1234 3405 1280 3472 τῆς
1296 3403 1324 3458 ἐκ
1340 3400 1433 3458 τοῦτου

330 3494 663 3573 meacm-Simplicius
685 3496 716 3554 in
736 3496 860 3556 Aristol.
876 3497 961 3574 Phys.
978 3500 1039 3556 6a:
1057 3498 1188 3557 Ἵππασος
1208 3501 1223 3553 ά
1243 3502 1433 3556 Μεταποντῖνος

332 3597 373 3651 καὶ
385 3596 552 3669 Ἡράκλειτος
567 3639 573 3652 .
589 3639 596 3653 .
613 3639 619 3652 .
637 3637 645 3660 ,Α
658 3600 711 3669 πῦρ
725 3596 880 3667 έποιέησαντο
899 3598 945 3668 τὴν
961 3596 1051 3670 ἀρχέην,
1066 3598 1108 3652 καὶ
1126 3598 1155 3652 ἐκ
1174 3599 1255 3671 πυρὸς
1274 3601 1380 3654 ποιοῦσι
1399 3598 1432 3652 τά

331 3693 393 3748 άντα
412 3695 541 3750 πυκνώσει
562 3694 602 3748 καὶ
620 3696 742 3763 μονώσει·
765 3696 807 3750 καὶ
826 3695 962 3750 διαλύουσι
979 3697 1059 3751 πάλιν
1077 3696 1112 3752 εἷς
1130 3700 1192 3768 πῦρ,
1214 3697 1247 3752 ὣς
1264 3693 1356 3764 ταῦτης
1373 3697 1433 3765 μιᾶς

331 3794 412 3860 οὔσης
425 3789 533 3863 φάσεως
545 3793 589 3860 τῆς
603 3791 775 3862 ὑποκειμένης·
796 3795 878 3866 πυρὸς
889 3795 941 3866 γάρ
957 3772 1067 3864 ἀμοιβὴν
1086 3790 1151 3850 εἶναι’
1170 3797 1254 3866 φησιν
1266 3793 1434 3866 Ἡράκλειτος

330 3889 422 3945 πάντα·
442 3891 511 3944 ποιεῖ
523 3889 552 3943 δι’
566 3884 621 3964 (ita
634 3887 695 3946 cod.
707 3888 823 3948 Βατοοο.
838 3904 893 3965 152
906 3894 936 3948 el
950 3890 1024 3948 coni.
1036 3888 1292 3969 Schleiermacher)
1307 3893 1347 3947 καὶ
1360 3891 1434 3959 τάξιν

329 3987 388 4042 τινά
401 3988 442 4042 καὶ
455 3989 549 4060 χρόνον
562 3989 705 4060 ὡρισμένον
722 3991 767 4058 της
783 3993 829 4044 τοῦ
848 3993 947 4061 κόσμου
965 3993 1112 4060 μεταβολῆς
1129 3991 1192 4045 κατά
1209 4013 1266 4045 τινα
1284 3988 1434 4062 εἱμαρμένην

330 4084 440 4158 ἀνάγκην
455 4081 503 4163 (de
517 4103 623 4161 magno
635 4083 781 4144 Heracliti
791 4105 867 4147 anno
877 4107 905 4146 v.
918 4085 1068 4146 Censorin.
1080 4087 1117 4145 de
1131 4087 1168 4145 D.
1178 4085 1216 4148 N.
1230 4089 1275 4160 18,
1285 4084 1434 4145 Plutarch.

330 4181 407 4240 Plau.
422 4181 495 4241 Phil
510 4181 541 4242 ii.
557 4201 605 4259 32,
618 4203 648 4260 p.
664 4181 747 4261 892).

371 4295 464 4338 xxm.
486 4278 620 4339 Clemens
640 4281 727 4340 Alex.
749 4280 856 4342 Strom.
871 4301 899 4340 v.
920 4300 966 4355 14,
981 4301 1010 4358 p.
1028 4295 1084 4358 7¹²
1101 4278 1261 4360 (=Iluseb.
1278 4281 1309 4339 P.
1319 4281 1353 4340 E.
1370 4280 1431 4341 xiii.

363 4469 443 4507 1111111.
465 4459 497 4506 εἷς
519 4460 588 4524 vulg.
629 4465 639 4519 ΙΙ
651 4459 754 4522 πρόσθεν
770 4460 909 4510 Eusebius:
937 4459 1031 4524 πρῶτον
1050 4461 1188 4512 Clementis
1208 4462 1263 4512 eod.
1307 4461 1364 4527 1Ιή
1380 4477 1429 4514 om.

330 4535 433 4586 Eusebii
445 4536 524 4596 codd„
534 4537 700 4602 probantibus
711 4539 833 4589 Lassallio
844 4543 871 4588 el
882 4538 1006 4590 Heinzio:
1024 4539 1073 4605 γῆν
1084 4539 1212 4591 Schusler.
