3252 5174
319 439 352 500 vi
778 455 960 502 rnnnrarm.

360 627 397 684 In
418 625 490 686 scria
511 627 739 704 fragmentorum
759 627 818 685 duo
837 647 913 685 nunc
933 626 1050 685 demum
1072 630 1246 703 comparent,
1267 624 1415 685 XXXIX.

319 724 383 782 dico
403 729 434 782 01
451 723 582 796 OXXX,
598 745 723 801 quorum
740 724 815 783 illud
834 745 871 784 ex
889 724 992 784 Tzctzc
1011 724 1123 783 extraxi
1132 721 1150 796 ²,
1166 724 1220 782 hoc
1239 744 1293 801 ope
1312 722 1418 782 codicis

319 822 454 881 Vaticani
467 843 568 900 graece
581 823 694 900 primus
707 822 844 882 exhibui:
866 829 1022 900 practerea,
1038 822 1063 880 si
1077 826 1154 880 recte
1173 841 1203 880 se
1221 821 1330 881 babent
1344 841 1418 898 quac

319 922 356 978 ad
371 920 451 978 LIV.
464 921 621 998 disputavi,
635 921 728 998 possis
741 920 801 979 iam
818 941 871 997 pro
889 922 1013 979 frustulo
1027 921 1078 978 illo
1095 918 1258 979 miserrimo
1273 921 1418 996 integrum

319 1019 517 1095 aphorismum
537 1039 682 1096 reponere,
705 1021 784 1097 quod
804 1039 857 1078 nos
881 1017 1040 1096 periclitari
1060 1019 1138 1094 ipsos
1162 1018 1210 1077 lex
1234 1038 1267 1077 ac
1288 1017 1418 1077 condicio

318 1117 437 1175 huiusce
448 1115 542 1193 operis
553 1117 678 1177 vetabat.
710 1117 767 1176 sed
781 1122 849 1176 ante
860 1117 957 1176 omnia
969 1115 1144 1174 testimoniis
1156 1114 1278 1174 incubui
1288 1115 1416 1192 undiquc

319 1215 522 1292 conquirendis
533 1215 620 1292 idque
634 1236 668 1274 00
682 1220 767 1293 pacto
781 1222 824 1288 ut,
836 1216 928 1275 sicubi
942 1214 1108 1274 Heraclitea
1121 1214 1214 1273 latent
1227 1215 1288 1273 sine
1302 1212 1418 1272 nomine

319 1313 408 1373 citata
421 1319 473 1372 aut
486 1317 616 1390 respecta
630 1314 708 1390 apud
722 1314 867 1391 antiquos,
882 1333 919 1372 ne
937 1312 990 1371 hos
1005 1313 1124 1389 quidam
1137 1312 1214 1371 locos
1228 1312 1319 1371 sciens
1333 1329 1417 1387 prae·

319 1410 509 1483 termiserim3
527 1430 595 1468 nam
609 1430 645 1469 ex
655 1411 700 1469 his
714 1431 829 1488 quoque
843 1410 976 1469 videmus
990 1409 1134 1468 Heracliti
1149 1409 1305 1469 sententias
1319 1409 1418 1486 quales

319 1514 349 1567 et
368 1508 611 1584 quemadmodum
628 1508 699 1566 olim
720 1508 994 1567 circumferebantur
1008 1506 1069 1566 sive
1089 1527 1126 1566 ex
1142 1507 1205 1584 ipso
1224 1507 1298 1565 libro
1313 1507 1419 1566 citatae

319 1605 380 1665 sive
397 1606 428 1663 in
444 1612 558 1665 recente
575 1605 644 1664 libri
661 1605 808 1666 memoria.
852 1605 944 1664 Cuius
964 1605 1007 1664 rei
1027 1611 1061 1663 ut
1083 1606 1247 1682 exemplum
1266 1606 1417 1682 adponam,

318 1704 352 1762 fr.
375 1704 453 1763 XCI.
474 1725 549 1763 unus
566 1704 706 1764 Stobaeus
726 1709 884 1776 conservat,
904 1724 963 1762 non
984 1705 1027 1762 ita
1047 1704 1175 1779 locuples
1191 1709 1293 1762 auctor
1311 1703 1363 1760 ubi
1382 1703 1418 1760 de

318 1802 434 1878 scriptis
462 1803 560 1880 agitur
589 1803 794 1880 perantiquis:
830 1808 862 1861 at
894 1802 957 1861 noti
984 1801 1146 1860 imitatores
1176 1801 1416 1871 Heracliteorum,

319 1899 636 1976 pseudo-Hippocrates
651 1900 805 1960 Cleanthes
820 1901 990 1977 Stoicosque
1005 1906 1119 1958 secutus
1132 1898 1316 1970 Plutarchus,
1326 1897 1417 1974 potis-

319 1999 390 2056 sima
404 2019 534 2076 quaeque
552 1999 584 2057 in
598 2001 761 2077 fragmento
780 2005 880 2059 nostro
900 1999 944 2058 ita
964 2003 1125 2075 agnoscunt
1143 2004 1177 2055 ut
1191 1997 1279 2055 fidem
1301 1995 1417 2056 Stobaci

247 2135 251 2142 -
319 2098 430 2173 optimo
455 2097 497 2157 rei
520 2106 691 2175 argumento
714 2099 873 2158 stabiliant.
919 2098 1129 2174 Fragmentum
1157 2100 1255 2154 autem
1282 2096 1355 2154 illud
1382 2115 1418 2154 ex

318 2195 423 2254 Tzetzo
443 2197 529 2255 modo
551 2203 666 2255 erutum
687 2197 820 2255 videmus
842 2194 964 2253 subinde
987 2195 1145 2272 respexisse
1167 2193 1227 2251 iam
1248 2200 1278 2252 et
1298 2195 1418 2271 pseudo-

319 2293 529 2370 Hippocratem
549 2300 579 2352 et
599 2291 916 2370 pseudo-Heraclitum,
931 2293 1019 2367 longo
1040 2312 1182 2350 annorum
1200 2292 1354 2352 intervallo
1370 2312 1418 2350 cos

319 2389 463 2449 Graeculo
476 2391 534 2448 isto
548 2390 667 2467 priores.
707 2390 820 2466 Itaque,
834 2409 871 2447 ne
885 2390 955 2468 quid
970 2389 1089 2461 deesset,
1105 2390 1205 2448 sedulo
1220 2410 1337 2466 operam
1351 2390 1418 2449 dedi

318 2496 361 2560 ut,
376 2488 401 2546 si
416 2508 474 2564 qua
490 2488 526 2545 ad
541 2487 742 2546 Heracliteum
763 2507 898 2564 expressa
919 2488 1067 2564 exemplar
1083 2488 1161 2564 apud
1182 2488 1337 2565 scriptores
1355 2497 1418 2566 rep*

318 2587 381 2663 peri
408 2585 601 2644 imitationem
628 2586 720 2645 nostri
744 2591 795 2645 aut
818 2586 996 2645 adfectantes
1018 2590 1069 2645 aut
1097 2586 1128 2643 in
1156 2605 1220 2644 eam
1248 2585 1417 2658 incidentes,

318 2682 426 2760 passim
440 2705 473 2743 ea
488 2704 602 2761 quoquc
616 2684 777 2743 testimonii
792 2705 876 2743 causa
891 2685 1017 2744 citarem.
1376 2675 1377 2678 ¹

359 2782 395 2840 In
417 2781 584 2859 Appendice
604 2783 833 2858 fragmentorum
853 2783 983 2859 primum
1002 2783 1099 2840 locum
1124 2781 1237 2840 obtinet
1258 2782 1418 2858 capitulum

318 2879 509 2938 Laertianum
529 2880 566 2937 de
586 2879 648 2938 vita
669 2880 820 2939 Heracliti.
863 2880 948 2953 Quod
969 2879 994 2938 si
1014 2879 1156 2955 adparatu
1178 2877 1269 2936 nimio
1291 2879 1417 2952 oneravi,

317 2998 378 3036 non
399 2998 462 3036 sum
483 2977 600 3048 inscius,
621 2977 730 3036 nedum
751 2998 876 3046 securus,
892 2997 993 3036 eorum
1014 2997 1088 3054 quac
1109 2976 1146 3033 de
1166 2975 1219 3034 hac
1240 2997 1271 3034 re
1292 2976 1419 3036 Cobetus

317 3074 348 3132 in
362 3074 538 3151 praefatione
552 3075 589 3132 ad
603 3073 789 3133 Miscellanea
804 3074 914 3134 Oritica
933 3095 1026 3150 nuper
1039 3074 1118 3133 edita
1131 3073 1279 3133 verissime
1293 3075 1417 3133 monuit.

317 3173 430 3233 Verum
443 3180 597 3250 postquam
611 3193 723 3231 mecum
737 3179 940 3250 reputaveram
949 3172 1107 3232 Huebnero
1121 3173 1231 3230 nullam
1246 3172 1418 3250 suppetiisse

317 3269 450 3328 codicum
471 3270 591 3347 copiam,
613 3290 709 3329 carere
731 3270 908 3346 supellectile
933 3270 1033 3328 critica
1057 3269 1162 3329 Cobeti
1185 3274 1308 3342 textum,
1330 3270 1418 3329 etiam

317 3388 394 3426 nunc
418 3368 526 3427 iustam
549 3367 661 3427 Laertii
683 3368 841 3426 editionem
865 3368 1031 3440 desiderari,
1056 3368 1171 3427 decrevi
1198 3369 1318 3427 tandem
1344 3389 1417 3445 quae

317 3487 404 3544 penes
418 3486 465 3525 me
479 3471 575 3526 essent
588 3467 686 3525 omnia
699 3486 884 3543 expromere:
908 3467 933 3525 si
947 3466 1020 3525 nihil
1034 3467 1122 3540 aliud,
1137 3467 1224 3525 habes
1241 3467 1343 3544 utiquc
1363 3467 1418 3524 hoo

318 3671 401 3734 Logos
422 3689 443 3720 c.
464 3673 491 3721 i.:
520 3672 625 3722 Oldenb.
650 3671 776 3735 1872-F.
799 3673 916 3729 Lassalls,
939 3673 988 3722 Dic
1008 3672 1168 3737 Philosophie
1190 3671 1352 3721 Heraklcitos
1374 3671 1418 3718 des

317 3749 438 3798 Dunklen
452 3766 502 3799 von
516 3750 641 3815 Ephesos:
659 3751 741 3801 Berol.
756 3751 884 3813 1858-F.
898 3752 937 3800 W.
950 3753 983 3802 A.
997 3752 1120 3808 Mullsch,
1133 3752 1232 3815 Fragm.
1245 3749 1419 3812 Philosophor.

317 3828 432 3876 Graecor.
447 3833 466 3876 t.
481 3829 507 3876 i.:
526 3829 583 3876 Par.
596 3828 730 3877 rato-H.
742 3829 828 3877 Ritter
843 3836 869 3877 01
880 3831 910 3880 L.
922 3830 1024 3885 Preller,
1040 3829 1110 3879 Hist.
1125 3829 1299 3892 Philosophiae
1313 3827 1418 3876 Graeco·

317 3905 460 3954 Romanae:
485 3905 579 3955 Hamb.
600 3906 663 3968 1838
682 3907 732 3967 (ed.
750 3909 831 3970 quint.
850 3907 927 3956 Goth.
946 3907 1085 3968 1875)-F.
1105 3907 1321 3964 Schleiermaoher,
1340 3905 1419 3953 Hera·

317 3982 409 4031 kleitos
428 3984 473 4032 der
489 3984 591 4040 dunkle,
608 4000 658 4032 von
668 3977 805 4048 ¹Ephesos:
832 3985 896 4047 Opp.
914 3984 1007 4034 Philos.
1025 3989 1043 4033 t.
1062 3984 1107 4041 ii,
1116 3991 1142 4033 01
1159 3986 1227 4049 prius
1247 3985 1274 4031 in
1290 3983 1375 4030 Wolfii
1392 3987 1419 4030 et

316 4060 466 4110 Buttmanni
477 4063 546 4110 Mus.
556 4062 601 4110 der
611 4061 834 4110 Altertbumswiss.
846 4066 865 4109 t.
878 4061 906 4110 i.:
924 4062 1008 4110 Berol.
1020 4063 1147 4125 1807—P.
1159 4063 1285 4119 Schuster,
1297 4060 1418 4108 Heraklit

317 4153 366 4185 von
377 4138 505 4202 Ephesus:
523 4139 550 4186 in
567 4138 699 4187 Ritschelii
710 4140 768 4186 Act.
784 4154 833 4186 soc.
850 4138 911 4202 phil.
927 4140 995 4202 Lips.
1011 4144 1030 4188 t.
1045 4141 1093 4189 iii:
1112 4141 1180 4204 Lips.
1194 4139 1321 4202 1873—G.
1333 4137 1419 4186 Teich-

317 4216 414 4272 nriiller,
431 4217 505 4264 Neue
521 4217 627 4266 Studien
644 4233 689 4266 zur
705 4217 795 4266 Gcsch.
812 4218 857 4265 der
874 4217 997 4280 Begriffe:
1022 4219 1097 4266 Goth.
1117 4216 1245 4280 1876—E.
1262 4217 1350 4275 Zeller,
1369 4215 1418 4263 Die

317 4293 477 4356 Philosophia
488 4295 533 4342 der
543 4294 668 4343 Grieohen
681 4302 699 4345 t.
710 4296 727 4342 i.
739 4311 764 4358 p.
777 4294 825 4357 566
837 4297 875 4344 ed.
890 4301 981 4359 quart:
1000 4297 1069 4360 Lips.
1084 4296 1154 4358 1877.

350 4371 359 4399 ²
376 4372 514 4434 Occupavit
528 4376 613 4420 tamen
629 4389 661 4422 011
678 4373 833 4422 Bachmanni
850 4374 931 4424 schol.
944 4374 976 4422 sd
990 4374 1022 4422 Il.
1035 4379 1055 4423 t.
1066 4375 1083 4423 1
1095 4391 1119 4438 p.
1132 4372 1180 4422 826
1197 4373 1285 4421 eadem
1301 4371 1413 4435 proferre

316 4447 456 4510 Bergkius:
477 4463 501 4496 v.
517 4448 665 4500 Exercitatt.
682 4451 738 4499 crit.
754 4466 820 4514 spec.
837 4451 870 4501 11.
887 4467 911 4514 p.
928 4466 951 4516 9,
968 4468 1044 4514 quam
1061 4451 1108 4498 1111
1124 4450 1286 4499 illustrissimi
1302 4449 1413 4512 disputa·

316 4525 411 4574 tionem
422 4524 494 4574 doleo
505 4526 567 4574 mihi
578 4543 652 4590 opere
663 4532 748 4577 nostro
760 4533 861 4577 tantum
872 4544 922 4577 non
934 4529 1049 4578 absoluto
1060 4529 1169 4591 primum
1180 4528 1328 4578 innotuisse.
