<?xml version="1.0" encoding="UTF-8"?>
<!DOCTYPE html PUBLIC "-//W3C//DTD XHTML 1.0 Transitional//EN"
    "http://www.w3.org/TR/xhtml1/DTD/xhtml1-transitional.dtd">
<html xmlns="http://www.w3.org/1999/xhtml" xml:lang="en" lang="en">
 <head>
  <title>
</title>
<meta http-equiv="Content-Type" content="text/html;charset=utf-8" />
  <meta name='ocr-system' content='tesseract 3.04.00' />
  <meta name='ocr-capabilities' content='ocr_page ocr_carea ocr_par ocr_line ocrx_word'/>
</head>
<body>
  <div class='ocr_page' id='page_1' title='image "./heraclitiephesi00heragoog_0093.png"; bbox 0 0 3252 5174; ppageno 0'>
   <div class='ocr_carea' id='block_1_1' title="bbox 354 456 1031 514">
    <p class='ocr_par' dir='ltr' id='par_1_1' title="bbox 354 456 1031 514">
     <span class='ocr_line' id='line_1_1' title="bbox 354 456 1031 514; baseline 0.004 -4"><span class='ocrx_word' id='word_1_1' title='bbox 354 456 393 510; x_wconf 78' lang='grc'>74</span> <span class='ocrx_word' id='word_1_2' title='bbox 769 469 930 514; x_wconf 77' lang='grc' dir='ltr'><strong>ΔΡΡΕΝΒῙΧ</strong></span> <span class='ocrx_word' id='word_1_3' title='bbox 944 487 987 500; x_wconf 89' lang='lat'>·-·</span> <span class='ocrx_word' id='word_1_4' title='bbox 1001 469 1031 513; x_wconf 84' lang='lat' dir='ltr'>V.</span> 
     </span>
    </p>
   </div>
   <div class='ocr_carea' id='block_1_2' title="bbox 308 638 1455 1600">
    <p class='ocr_par' dir='ltr' id='par_1_2' title="bbox 308 638 1455 1600">
     <span class='ocr_line' id='line_1_2' title="bbox 351 638 1455 716; baseline 0.001 -23"><span class='ocrx_word' id='word_1_5' title='bbox 351 639 382 693; x_wconf 82' lang='grc' dir='ltr'>ἀν</span> <span class='ocrx_word' id='word_1_6' title='bbox 395 639 492 710; x_wconf 76' lang='grc' dir='ltr'>αιίχμλς</span> <span class='ocrx_word' id='word_1_7' title='bbox 505 638 615 712; x_wconf 86' lang='grc' dir='ltr'>γένοιτο.</span> <span class='ocrx_word' id='word_1_8' title='bbox 635 640 681 695; x_wconf 75' lang='grc' dir='ltr'>οὐκ</span> <span class='ocrx_word' id='word_1_9' title='bbox 693 638 785 696; x_wconf 84' lang='grc' dir='ltr'>ίσασιν</span> <span class='ocrx_word' id='word_1_10' title='bbox 801 640 841 696; x_wconf 77' lang='grc' dir='ltr'>ὅτι</span> <span class='ocrx_word' id='word_1_11' title='bbox 859 643 917 699; x_wconf 79' lang='grc' dir='ltr'>θεὸς</span> <span class='ocrx_word' id='word_1_12' title='bbox 937 643 964 696; x_wconf 88' lang='grc' dir='ltr'>ἐν</span> <span class='ocrx_word' id='word_1_13' title='bbox 982 644 1070 716; x_wconf 74' lang='grc' dir='ltr'>κόσμῳ</span> <span class='ocrx_word' id='word_1_14' title='bbox 1089 641 1189 713; x_wconf 85' lang='grc' dir='ltr'>μεγάλα</span> <span class='ocrx_word' id='word_1_15' title='bbox 1207 641 1315 708; x_wconf 81' lang='grc' dir='ltr'>σώματα</span> <span class='ocrx_word' id='word_1_16' title='bbox 1334 638 1455 712; x_wconf 82' lang='grc' dir='ltr'>ἐατρεύει,</span> 
     </span>
     <span class='ocr_line' id='line_1_3' title="bbox 351 737 1454 813; baseline -0.001 -20"><span class='ocrx_word' id='word_1_17' title='bbox 351 738 469 793; x_wconf 86' lang='grc' dir='ltr'>ἐπανισοῖ</span> <span class='ocrx_word' id='word_1_18' title='bbox 481 738 564 792; x_wconf 82' lang='grc' dir='ltr'>αύτών</span> <span class='ocrx_word' id='word_1_19' title='bbox 576 738 606 792; x_wconf 87' lang='grc' dir='ltr'>τδ</span> <span class='ocrx_word' id='word_1_20' title='bbox 620 738 738 810; x_wconf 84' lang='grc' dir='ltr'>ἀμιτρον,</span> <span class='ocrx_word' id='word_1_21' title='bbox 749 740 782 794; x_wconf 85' lang='grc' dir='ltr'>τά</span> <span class='ocrx_word' id='word_1_22' title='bbox 796 740 956 813; x_wconf 73' lang='grc' dir='ltr'><strong><em>θρυπτόμενα</em></strong></span> <span class='ocrx_word' id='word_1_23' title='bbox 969 742 1085 803; x_wconf 77' lang='grc' dir='ltr'>ένοποιεῖ,</span> <span class='ocrx_word' id='word_1_24' title='bbox 1096 739 1129 793; x_wconf 87' lang='grc' dir='ltr'>τά</span> <span class='ocrx_word' id='word_1_25' title='bbox 1139 737 1318 808; x_wconf 76' lang='grc' dir='ltr'>ἀλισθὴσαντα</span> <span class='ocrx_word' id='word_1_26' title='bbox 1331 738 1454 810; x_wconf 84' lang='grc' dir='ltr'>ύιτοφθάς</span> 
     </span>
     <span class='ocr_line' id='line_1_4' title="bbox 350 834 1453 912; baseline -0.003 -20"><span class='ocrx_word' id='word_1_27' title='bbox 350 836 439 905; x_wconf 77' lang='grc' dir='ltr'>πιέζει,</span> <span class='ocrx_word' id='word_1_28' title='bbox 454 837 560 909; x_wconf 85' lang='grc' dir='ltr'>συνάγει</span> <span class='ocrx_word' id='word_1_29' title='bbox 573 838 606 892; x_wconf 85' lang='grc' dir='ltr'>τά</span> <span class='ocrx_word' id='word_1_30' title='bbox 619 839 782 908; x_wconf 88' lang='grc' dir='ltr'>σκιδνάμενα,</span> <span class='ocrx_word' id='word_1_31' title='bbox 798 837 933 912; x_wconf 76' lang='grc' dir='ltr'>φαιδρύνει</span> <span class='ocrx_word' id='word_1_32' title='bbox 945 839 978 893; x_wconf 85' lang='grc' dir='ltr'>τδ</span> <span class='ocrx_word' id='word_1_33' title='bbox 991 839 1099 910; x_wconf 77' lang='grc' dir='ltr'>ἀπρεπῆ,</span> <span class='ocrx_word' id='word_1_34' title='bbox 1114 837 1239 908; x_wconf 85' lang='grc' dir='ltr'>κατείργει</span> <span class='ocrx_word' id='word_1_35' title='bbox 1258 837 1291 891; x_wconf 83' lang='grc' dir='ltr'>τά</span> <span class='ocrx_word' id='word_1_36' title='bbox 1310 834 1453 907; x_wconf 89' lang='grc' dir='ltr'>ληφθέντα,</span> 
     </span>
     <span class='ocr_line' id='line_1_5' title="bbox 351 932 1454 1007; baseline 0.001 -21"><span class='ocrx_word' id='word_1_37' title='bbox 351 933 436 987; x_wconf 89' lang='grc' dir='ltr'>διώκει</span> <span class='ocrx_word' id='word_1_38' title='bbox 448 933 480 988; x_wconf 83' lang='grc' dir='ltr'>τά</span> <span class='ocrx_word' id='word_1_39' title='bbox 494 932 631 1006; x_wconf 89' lang='grc' dir='ltr'>φεύγοντα,</span> <span class='ocrx_word' id='word_1_40' title='bbox 646 935 716 1006; x_wconf 81' lang='grc' dir='ltr'>φωτί</span> <span class='ocrx_word' id='word_1_41' title='bbox 729 936 776 1004; x_wconf 82' lang='grc' dir='ltr'>μίν</span> <span class='ocrx_word' id='word_1_42' title='bbox 793 934 936 1006; x_wconf 89' lang='grc' dir='ltr'>ἀναλάμπει</span> <span class='ocrx_word' id='word_1_43' title='bbox 952 937 983 990; x_wconf 84' lang='grc' dir='ltr'>τδ</span> <span class='ocrx_word' id='word_1_44' title='bbox 1000 936 1118 1007; x_wconf 74' lang='grc' dir='ltr'>ζοφερόν,</span> <span class='ocrx_word' id='word_1_45' title='bbox 1133 936 1242 1006; x_wconf 84' lang='grc' dir='ltr'>περατοῖ</span> <span class='ocrx_word' id='word_1_46' title='bbox 1253 934 1282 988; x_wconf 83' lang='grc' dir='ltr'>δέ</span> <span class='ocrx_word' id='word_1_47' title='bbox 1295 934 1325 988; x_wconf 87' lang='grc' dir='ltr'>τδ</span> <span class='ocrx_word' id='word_1_48' title='bbox 1339 933 1454 1005; x_wconf 85' lang='grc' dir='ltr'>ἀπειραν,</span> 
     </span>
     <span class='ocr_line' id='line_1_6' title="bbox 323 1030 1455 1106; baseline 0.001 -21"><span class='ocrx_word' id='word_1_49' title='bbox 323 1031 393 1104; x_wconf 77' lang='grc' dir='ltr'>5καί</span> <span class='ocrx_word' id='word_1_50' title='bbox 408 1033 513 1104; x_wconf 77' lang='grc' dir='ltr'>μορφὴν</span> <span class='ocrx_word' id='word_1_51' title='bbox 529 1032 575 1101; x_wconf 85' lang='grc' dir='ltr'>μίν</span> <span class='ocrx_word' id='word_1_52' title='bbox 594 1032 731 1098; x_wconf 71' lang='grc' dir='ltr'>ἐπιβάλλει</span> <span class='ocrx_word' id='word_1_53' title='bbox 751 1034 806 1089; x_wconf 81' lang='grc' dir='ltr'>ταῖς</span> <span class='ocrx_word' id='word_1_54' title='bbox 825 1031 961 1105; x_wconf 76' lang='grc' dir='ltr'>ἀμόρφοις,</span> <span class='ocrx_word' id='word_1_55' title='bbox 976 1030 1065 1106; x_wconf 70' lang='grc' dir='ltr'>ὅψεως</span> <span class='ocrx_word' id='word_1_56' title='bbox 1081 1033 1109 1087; x_wconf 79' lang='grc' dir='ltr'>δέ</span> <span class='ocrx_word' id='word_1_57' title='bbox 1129 1032 1308 1101; x_wconf 76' lang='grc' dir='ltr'>ἀναπίμπλησι</span> <span class='ocrx_word' id='word_1_58' title='bbox 1328 1032 1360 1086; x_wconf 82' lang='grc' dir='ltr'>τὰ</span> <span class='ocrx_word' id='word_1_59' title='bbox 1381 1031 1455 1086; x_wconf 86' lang='grc' dir='ltr'>ἀναί·</span> 
     </span>
     <span class='ocr_line' id='line_1_7' title="bbox 352 1127 1454 1203; baseline 0.001 -20"><span class='ocrx_word' id='word_1_60' title='bbox 352 1129 443 1198; x_wconf 88' lang='grc' dir='ltr'>σθητα.</span> <span class='ocrx_word' id='word_1_61' title='bbox 465 1129 507 1183; x_wconf 84' lang='grc' dir='ltr'>διά</span> <span class='ocrx_word' id='word_1_62' title='bbox 526 1129 612 1199; x_wconf 76' lang='grc' dir='ltr'>πάσης</span> <span class='ocrx_word' id='word_1_63' title='bbox 631 1131 682 1202; x_wconf 81' lang='grc' dir='ltr'>γάρ</span> <span class='ocrx_word' id='word_1_64' title='bbox 703 1131 807 1202; x_wconf 81' lang='grc' dir='ltr'>ἔρχεται</span> <span class='ocrx_word' id='word_1_65' title='bbox 826 1133 872 1200; x_wconf 78' lang='grc' dir='ltr'>τῆς</span> <span class='ocrx_word' id='word_1_66' title='bbox 891 1131 983 1188; x_wconf 83' lang='grc' dir='ltr'>ούσίας</span> <span class='ocrx_word' id='word_1_67' title='bbox 998 1132 1174 1203; x_wconf 75' lang='grc' dir='ltr'>ἁρμοζόμενος,</span> <span class='ocrx_word' id='word_1_68' title='bbox 1189 1130 1318 1197; x_wconf 89' lang='grc' dir='ltr'>πλάττων,</span> <span class='ocrx_word' id='word_1_69' title='bbox 1332 1127 1454 1198; x_wconf 88' lang='grc' dir='ltr'>διαλύων,</span> 
     </span>
     <span class='ocr_line' id='line_1_8' title="bbox 351 1225 1453 1302; baseline -0.004 -18"><span class='ocrx_word' id='word_1_70' title='bbox 351 1226 456 1299; x_wconf 80' lang='grc' dir='ltr'>πηγνύς,</span> <span class='ocrx_word' id='word_1_71' title='bbox 469 1226 544 1300; x_wconf 86' lang='grc' dir='ltr'>χέων.</span> <span class='ocrx_word' id='word_1_72' title='bbox 567 1231 598 1283; x_wconf 87' lang='grc' dir='ltr'>τδ</span> <span class='ocrx_word' id='word_1_73' title='bbox 611 1228 659 1298; x_wconf 76' lang='grc' dir='ltr'>μέν</span> <span class='ocrx_word' id='word_1_74' title='bbox 676 1228 756 1301; x_wconf 71' lang='grc' dir='ltr'>ξηρὸν</span> <span class='ocrx_word' id='word_1_75' title='bbox 771 1230 807 1286; x_wconf 83' lang='grc' dir='ltr'>εἶς</span> <span class='ocrx_word' id='word_1_76' title='bbox 827 1229 906 1302; x_wconf 78' lang='grc' dir='ltr'>ὑγράν</span> <span class='ocrx_word' id='word_1_77' title='bbox 920 1227 990 1298; x_wconf 80' lang='grc' dir='ltr'>τὴκει</span> <span class='ocrx_word' id='word_1_78' title='bbox 1010 1230 1051 1283; x_wconf 78' lang='grc' dir='ltr'>καὶ</span> <span class='ocrx_word' id='word_1_79' title='bbox 1067 1230 1103 1284; x_wconf 86' lang='grc' dir='ltr'>είς</span> <span class='ocrx_word' id='word_1_80' title='bbox 1123 1225 1202 1282; x_wconf 86' lang='grc' dir='ltr'>λύσιν</span> <span class='ocrx_word' id='word_1_81' title='bbox 1221 1227 1283 1282; x_wconf 81' lang='grc' dir='ltr'>αι’πδ</span> <span class='ocrx_word' id='word_1_82' title='bbox 1304 1226 1453 1296; x_wconf 90' lang='grc' dir='ltr'>καθίστησι,</span> 
     </span>
     <span class='ocr_line' id='line_1_9' title="bbox 352 1325 1455 1399; baseline -0.001 -19"><span class='ocrx_word' id='word_1_83' title='bbox 352 1327 392 1380; x_wconf 78' lang='grc' dir='ltr'>καί</span> <span class='ocrx_word' id='word_1_84' title='bbox 405 1326 515 1392; x_wconf 92' lang='grc' dir='ltr'>λιβάδας</span> <span class='ocrx_word' id='word_1_85' title='bbox 532 1326 579 1395; x_wconf 82' lang='grc' dir='ltr'>μέν</span> <span class='ocrx_word' id='word_1_86' title='bbox 596 1325 709 1397; x_wconf 81' lang='grc' dir='ltr'>ἐκθυμιᾷ,</span> <span class='ocrx_word' id='word_1_87' title='bbox 724 1326 833 1399; x_wconf 87' lang='grc' dir='ltr'>παχύνει</span> <span class='ocrx_word' id='word_1_88' title='bbox 852 1328 881 1381; x_wconf 85' lang='grc' dir='ltr'>δέ</span> <span class='ocrx_word' id='word_1_89' title='bbox 898 1326 1062 1399; x_wconf 85' lang='grc' dir='ltr'>χαλασθέντα</span> <span class='ocrx_word' id='word_1_90' title='bbox 1080 1328 1125 1382; x_wconf 87' lang='grc' dir='ltr'>τδν</span> <span class='ocrx_word' id='word_1_91' title='bbox 1142 1326 1213 1399; x_wconf 90' lang='grc' dir='ltr'>ἀέρα,</span> <span class='ocrx_word' id='word_1_92' title='bbox 1227 1327 1269 1380; x_wconf 79' lang='grc' dir='ltr'>καλ</span> <span class='ocrx_word' id='word_1_93' title='bbox 1286 1330 1404 1396; x_wconf 80' lang='grc' dir='ltr'>συνεχῶς</span> <span class='ocrx_word' id='word_1_94' title='bbox 1422 1325 1455 1379; x_wconf 81' lang='grc' dir='ltr'>τά</span> 
     </span>
     <span class='ocr_line' id='line_1_10' title="bbox 351 1422 1453 1498; baseline 0.002 -21"><span class='ocrx_word' id='word_1_95' title='bbox 351 1424 398 1492; x_wconf 80' lang='grc' dir='ltr'>μέν</span> <span class='ocrx_word' id='word_1_96' title='bbox 410 1422 506 1478; x_wconf 85' lang='grc' dir='ltr'>ἀνωθεν</span> <span class='ocrx_word' id='word_1_97' title='bbox 518 1424 611 1495; x_wconf 85' lang='grc' dir='ltr'>διώκει,</span> <span class='ocrx_word' id='word_1_98' title='bbox 625 1425 658 1478; x_wconf 83' lang='grc' dir='ltr'>τά</span> <span class='ocrx_word' id='word_1_99' title='bbox 671 1423 698 1480; x_wconf 78' lang='grc' dir='ltr'>δι’</span> <span class='ocrx_word' id='word_1_100' title='bbox 713 1425 825 1481; x_wconf 88' lang='grc' dir='ltr'>κάτωθεν</span> <span class='ocrx_word' id='word_1_101' title='bbox 839 1424 927 1498; x_wconf 79' lang='grc' dir='ltr'>ἱδρύει.</span> <span class='ocrx_word' id='word_1_102' title='bbox 947 1430 1027 1482; x_wconf 85' lang='grc' dir='ltr'>ταῦτα</span> <span class='ocrx_word' id='word_1_103' title='bbox 1045 1426 1182 1496; x_wconf 85' lang='grc' dir='ltr'>κάμνοντος</span> <span class='ocrx_word' id='word_1_104' title='bbox 1202 1426 1301 1494; x_wconf 86' lang='grc' dir='ltr'>κόσμου</span> <span class='ocrx_word' id='word_1_105' title='bbox 1322 1423 1453 1495; x_wconf 78' lang='grc' dir='ltr'>θεραπεία.</span> 
     </span>
     <span class='ocr_line' id='line_1_11' title="bbox 308 1520 1232 1600; baseline -0.004 -19"><span class='ocrx_word' id='word_1_106' title='bbox 308 1546 338 1581; x_wconf 90' lang='lat'>10</span> <span class='ocrx_word' id='word_1_107' title='bbox 351 1525 441 1576; x_wconf 85' lang='grc' dir='ltr'>τοῦτον</span> <span class='ocrx_word' id='word_1_108' title='bbox 453 1522 504 1594; x_wconf 84' lang='grc' dir='ltr'>ε’γώ</span> <span class='ocrx_word' id='word_1_109' title='bbox 516 1520 659 1592; x_wconf 78' lang='grc' dir='ltr'>μιμήσομαι</span> <span class='ocrx_word' id='word_1_110' title='bbox 673 1522 701 1578; x_wconf 88' lang='grc' dir='ltr'>ἐν</span> <span class='ocrx_word' id='word_1_111' title='bbox 714 1522 821 1600; x_wconf 69' lang='grc' dir='ltr'>ἐμαυτῷ,</span> <span class='ocrx_word' id='word_1_112' title='bbox 835 1526 889 1582; x_wconf 77' lang='grc' dir='ltr'>τοῖς</span> <span class='ocrx_word' id='word_1_113' title='bbox 902 1524 923 1579; x_wconf 81' lang='grc' dir='ltr'>δ’</span> <span class='ocrx_word' id='word_1_114' title='bbox 938 1524 1031 1582; x_wconf 82' lang='grc' dir='ltr'>ἀλλοις</span> <span class='ocrx_word' id='word_1_115' title='bbox 1043 1521 1142 1596; x_wconf 82' lang='grc' dir='ltr'>χαίρειν</span> <span class='ocrx_word' id='word_1_116' title='bbox 1154 1523 1232 1595; x_wconf 78' lang='grc' dir='ltr'>λέγω.</span> 
     </span>
    </p>
   </div>
   <div class='ocr_carea' id='block_1_3' title="bbox 863 1698 938 1760">
    <p class='ocr_par' dir='ltr' id='par_1_3' title="bbox 863 1698 938 1760">
     <span class='ocr_line' id='line_1_12' title="bbox 863 1698 938 1760; baseline -0.027 0"><span class='ocrx_word' id='word_1_117' title='bbox 863 1698 938 1760; x_wconf 89' lang='lat' dir='ltr'>VH.</span> 
     </span>
    </p>
   </div>
   <div class='ocr_carea' id='block_1_4' title="bbox 307 1828 1499 3672">
    <p class='ocr_par' dir='ltr' id='par_1_4' title="bbox 351 1828 1457 2200">
     <span class='ocr_line' id='line_1_13' title="bbox 392 1828 1454 1905; baseline 0.005 -24"><span class='ocrx_word' id='word_1_118' title='bbox 392 1828 554 1905; x_wconf 73' lang='grc' dir='ltr'>Ἐρμοδώρφ.</span> <span class='ocrx_word' id='word_1_119' title='bbox 610 1830 775 1901; x_wconf 89' lang='grc' dir='ltr'>Πυνθάνομαι</span> <span class='ocrx_word' id='word_1_120' title='bbox 800 1831 942 1903; x_wconf 82' lang='grc' dir='ltr'>Ἐφεσίους</span> <span class='ocrx_word' id='word_1_121' title='bbox 971 1831 1079 1902; x_wconf 84' lang='grc' dir='ltr'>μέλλειν</span> <span class='ocrx_word' id='word_1_122' title='bbox 1105 1831 1265 1903; x_wconf 76' lang='grc' dir='ltr'>εἰσηγεῖσθαι</span> <span class='ocrx_word' id='word_1_123' title='bbox 1294 1833 1372 1901; x_wconf 87' lang='grc' dir='ltr'>νόμον</span> <span class='ocrx_word' id='word_1_124' title='bbox 1400 1830 1454 1886; x_wconf 81' lang='grc' dir='ltr'>κατ’</span> 
     </span>
     <span class='ocr_line' id='line_1_14' title="bbox 352 1926 1456 2002; baseline 0.004 -22"><span class='ocrx_word' id='word_1_125' title='bbox 352 1926 415 1996; x_wconf 85' lang='grc' dir='ltr'>ἐμοῦ</span> <span class='ocrx_word' id='word_1_126' title='bbox 439 1928 608 1997; x_wconf 89' lang='grc' dir='ltr'>ἀνομώτατον·</span> <span class='ocrx_word' id='word_1_127' title='bbox 641 1929 724 1986; x_wconf 77' lang='grc' dir='ltr'>οὐδεὶς</span> <span class='ocrx_word' id='word_1_128' title='bbox 746 1929 797 2001; x_wconf 88' lang='grc' dir='ltr'>γάρ</span> <span class='ocrx_word' id='word_1_129' title='bbox 821 1933 899 2001; x_wconf 85' lang='grc' dir='ltr'>νόμος</span> <span class='ocrx_word' id='word_1_130' title='bbox 921 1929 964 2001; x_wconf 86' lang='grc' dir='ltr'>ἐφ’</span> <span class='ocrx_word' id='word_1_131' title='bbox 989 1932 1052 1999; x_wconf 85' lang='grc' dir='ltr'>ένιίς,</span> <span class='ocrx_word' id='word_1_132' title='bbox 1076 1930 1145 1984; x_wconf 78' lang='grc' dir='ltr'>ἀλλὰ</span> <span class='ocrx_word' id='word_1_133' title='bbox 1169 1928 1262 2002; x_wconf 89' lang='grc' dir='ltr'>κρίσις.</span> <span class='ocrx_word' id='word_1_134' title='bbox 1295 1929 1341 1983; x_wconf 86' lang='grc' dir='ltr'>αύκ</span> <span class='ocrx_word' id='word_1_135' title='bbox 1364 1926 1456 1984; x_wconf 88' lang='grc' dir='ltr'>’ίσασιν</span> 
     </span>
     <span class='ocr_line' id='line_1_15' title="bbox 352 2023 1456 2100; baseline 0.001 -21"><span class='ocrx_word' id='word_1_136' title='bbox 352 2023 472 2096; x_wconf 82' lang='grc' dir='ltr'>Ἐφέσιοι</span> <span class='ocrx_word' id='word_1_137' title='bbox 487 2025 527 2081; x_wconf 86' lang='grc' dir='ltr'>ὅτι</span> <span class='ocrx_word' id='word_1_138' title='bbox 539 2025 625 2100; x_wconf 85' lang='grc' dir='ltr'>ἐτερος</span> <span class='ocrx_word' id='word_1_139' title='bbox 639 2027 759 2096; x_wconf 69' lang='grc' dir='ltr'>δικαστὴς</span> <span class='ocrx_word' id='word_1_140' title='bbox 772 2027 918 2097; x_wconf 75' lang='grc' dir='ltr'>νομοθέτου.</span> <span class='ocrx_word' id='word_1_141' title='bbox 941 2029 982 2083; x_wconf 83' lang='grc' dir='ltr'>καὶ</span> <span class='ocrx_word' id='word_1_142' title='bbox 998 2029 1057 2082; x_wconf 86' lang='grc' dir='ltr'>τάδε</span> <span class='ocrx_word' id='word_1_143' title='bbox 1077 2026 1185 2097; x_wconf 84' lang='grc' dir='ltr'>ἀμεινον,</span> <span class='ocrx_word' id='word_1_144' title='bbox 1201 2024 1256 2081; x_wconf 80' lang='grc' dir='ltr'>ἐπεί</span> <span class='ocrx_word' id='word_1_145' title='bbox 1276 2025 1456 2099; x_wconf 87' lang='grc' dir='ltr'>ἀπαθέστερον</span> 
     </span>
     <span class='ocr_line' id='line_1_16' title="bbox 351 2119 1457 2200; baseline 0 -22"><span class='ocrx_word' id='word_1_146' title='bbox 351 2124 417 2195; x_wconf 77' lang='grc' dir='ltr'>πρὸς</span> <span class='ocrx_word' id='word_1_147' title='bbox 436 2124 532 2193; x_wconf 83' lang='grc' dir='ltr'>άδηλον</span> <span class='ocrx_word' id='word_1_148' title='bbox 554 2127 599 2179; x_wconf 79' lang='grc' dir='ltr'>τὸν</span> <span class='ocrx_word' id='word_1_149' title='bbox 618 2123 747 2195; x_wconf 85' lang='grc' dir='ltr'>μέλλοντα</span> <span class='ocrx_word' id='word_1_150' title='bbox 770 2125 883 2198; x_wconf 77' lang='grc' dir='ltr'>πράξειν,</span> <span class='ocrx_word' id='word_1_151' title='bbox 905 2130 919 2180; x_wconf 87' lang='grc' dir='ltr'>ὁ</span> <span class='ocrx_word' id='word_1_152' title='bbox 941 2125 1047 2193; x_wconf 76' lang='grc' dir='ltr'>δικάζων</span> <span class='ocrx_word' id='word_1_153' title='bbox 1067 2126 1095 2179; x_wconf 80' lang='grc' dir='ltr'>δέ</span> <span class='ocrx_word' id='word_1_154' title='bbox 1119 2126 1167 2197; x_wconf 77' lang='grc' dir='ltr'>ὁρᾷ</span> <span class='ocrx_word' id='word_1_155' title='bbox 1189 2127 1234 2179; x_wconf 83' lang='grc' dir='ltr'>τὸν</span> <span class='ocrx_word' id='word_1_156' title='bbox 1257 2127 1412 2195; x_wconf 86' lang='grc' dir='ltr'>κρινόμενον,</span> <span class='ocrx_word' id='word_1_157' title='bbox 1434 2119 1457 2200; x_wconf 67' lang='grc' dir='ltr'><strong><em>ᾧ</em></strong></span> 
     </span>
    </p>

    <p class='ocr_par' dir='ltr' id='par_1_5' title="bbox 308 2220 1499 2687">
     <span class='ocr_line' id='line_1_17' title="bbox 308 2220 1455 2300; baseline 0.002 -23"><span class='ocrx_word' id='word_1_158' title='bbox 308 2248 337 2300; x_wconf 86' lang='lat'>15</span> <span class='ocrx_word' id='word_1_159' title='bbox 353 2222 507 2278; x_wconf 77' lang='grc' dir='ltr'>συνάπτεται</span> <span class='ocrx_word' id='word_1_160' title='bbox 530 2223 560 2278; x_wconf 82' lang='grc' dir='ltr'>τὸ</span> <span class='ocrx_word' id='word_1_161' title='bbox 583 2222 674 2279; x_wconf 88' lang='grc' dir='ltr'>πάθος.</span> <span class='ocrx_word' id='word_1_162' title='bbox 706 2220 786 2278; x_wconf 83' lang='grc' dir='ltr'>ίσοσί</span> <span class='ocrx_word' id='word_1_163' title='bbox 805 2246 845 2293; x_wconf 88' lang='grc' dir='ltr'>με,</span> <span class='ocrx_word' id='word_1_164' title='bbox 869 2222 1022 2295; x_wconf 81' lang='grc' dir='ltr'>Ἐρμάδωρε,</span> <span class='ocrx_word' id='word_1_165' title='bbox 1048 2220 1295 2294; x_wconf 83' lang='grc' dir='ltr'>αυντεχνιτεύσαντά</span> <span class='ocrx_word' id='word_1_166' title='bbox 1322 2244 1367 2277; x_wconf 89' lang='grc' dir='ltr'>σοι</span> <span class='ocrx_word' id='word_1_167' title='bbox 1395 2223 1455 2280; x_wconf 85' lang='grc' dir='ltr'>τούς</span> 
     </span>
     <span class='ocr_line' id='line_1_18' title="bbox 351 2315 1456 2394; baseline -0.001 -18"><span class='ocrx_word' id='word_1_168' title='bbox 351 2321 530 2391; x_wconf 84' lang='grc' dir='ltr'>νόμους,κάμέ</span> <span class='ocrx_word' id='word_1_169' title='bbox 551 2321 645 2375; x_wconf 86' lang='grc' dir='ltr'>ἐλάσαι</span> <span class='ocrx_word' id='word_1_170' title='bbox 664 2315 810 2386; x_wconf 69' lang='grc' dir='ltr'>βούλονται,</span> <span class='ocrx_word' id='word_1_171' title='bbox 826 2321 885 2376; x_wconf 70' lang='grc' dir='ltr'>ἀλλ’</span> <span class='ocrx_word' id='word_1_172' title='bbox 903 2323 933 2376; x_wconf 87' lang='grc' dir='ltr'>ού</span> <span class='ocrx_word' id='word_1_173' title='bbox 951 2323 1077 2394; x_wconf 82' lang='grc' dir='ltr'>πρότερόν</span> <span class='ocrx_word' id='word_1_174' title='bbox 1091 2343 1122 2394; x_wconf 90' lang='grc' dir='ltr'>γε</span> <span class='ocrx_word' id='word_1_175' title='bbox 1138 2319 1153 2390; x_wconf 70' lang='grc' dir='ltr'>ἢ</span> <span class='ocrx_word' id='word_1_176' title='bbox 1172 2320 1277 2392; x_wconf 75' lang='grc' dir='ltr'>ἐλέγξαι</span> <span class='ocrx_word' id='word_1_177' title='bbox 1297 2319 1398 2383; x_wconf 81' lang='grc' dir='ltr'>αὐτούς,</span> <span class='ocrx_word' id='word_1_178' title='bbox 1415 2321 1456 2376; x_wconf 84' lang='grc' dir='ltr'>ὅτι</span> 
     </span>
     <span class='ocr_line' id='line_1_19' title="bbox 351 2418 1454 2492; baseline -0.002 -18"><span class='ocrx_word' id='word_1_179' title='bbox 351 2419 424 2474; x_wconf 85' lang='grc' dir='ltr'>άδικα</span> <span class='ocrx_word' id='word_1_180' title='bbox 451 2419 584 2492; x_wconf 76' lang='grc' dir='ltr'>ἐγνώκασι,</span> <span class='ocrx_word' id='word_1_181' title='bbox 609 2420 653 2473; x_wconf 85' lang='grc' dir='ltr'>τὸν</span> <span class='ocrx_word' id='word_1_182' title='bbox 679 2418 714 2488; x_wconf 77' lang='grc' dir='ltr'>μὴ</span> <span class='ocrx_word' id='word_1_183' title='bbox 736 2421 852 2491; x_wconf 82' lang='grc' dir='ltr'>γελῶντα</span> <span class='ocrx_word' id='word_1_184' title='bbox 875 2421 916 2474; x_wconf 78' lang='grc' dir='ltr'>καί</span> <span class='ocrx_word' id='word_1_185' title='bbox 941 2421 1024 2476; x_wconf 85' lang='grc' dir='ltr'>πάντα</span> <span class='ocrx_word' id='word_1_186' title='bbox 1046 2419 1275 2492; x_wconf 82' lang='grc' dir='ltr'>μισανθρωποῡντα</span> <span class='ocrx_word' id='word_1_187' title='bbox 1301 2420 1353 2491; x_wconf 83' lang='grc' dir='ltr'>πρὸ</span> <span class='ocrx_word' id='word_1_188' title='bbox 1378 2419 1454 2488; x_wconf 79' lang='grc' dir='ltr'>ἡλίου</span> 
     </span>
     <span class='ocr_line' id='line_1_20' title="bbox 351 2514 1455 2586; baseline 0 -16"><span class='ocrx_word' id='word_1_189' title='bbox 351 2515 469 2572; x_wconf 75' lang='grc' dir='ltr'>δύνοντος</span> <span class='ocrx_word' id='word_1_190' title='bbox 488 2515 580 2584; x_wconf 80' lang='grc' dir='ltr'>ἐξιέναι</span> <span class='ocrx_word' id='word_1_191' title='bbox 600 2518 645 2585; x_wconf 76' lang='grc' dir='ltr'>τῆς</span> <span class='ocrx_word' id='word_1_192' title='bbox 665 2517 771 2585; x_wconf 80' lang='grc' dir='ltr'>πόλεως,</span> <span class='ocrx_word' id='word_1_193' title='bbox 787 2519 864 2571; x_wconf 83' lang='grc' dir='ltr'>τοῦτο</span> <span class='ocrx_word' id='word_1_194' title='bbox 885 2517 1030 2586; x_wconf 87' lang='grc' dir='ltr'>νομοθετεῖν</span> <span class='ocrx_word' id='word_1_195' title='bbox 1049 2514 1224 2583; x_wconf 84' lang='grc' dir='ltr'>βουλεύονται,</span> <span class='ocrx_word' id='word_1_196' title='bbox 1240 2516 1328 2580; x_wconf 78' lang='grc' dir='ltr'>οὐδείς,</span> <span class='ocrx_word' id='word_1_197' title='bbox 1343 2514 1366 2570; x_wconf 86' lang='grc' dir='ltr'>δ’</span> <span class='ocrx_word' id='word_1_198' title='bbox 1381 2516 1455 2571; x_wconf 85' lang='grc' dir='ltr'>ἐστίν</span> 
     </span>
     <span class='ocr_line' id='line_1_21' title="bbox 351 2613 1499 2687; baseline 0 -19"><span class='ocrx_word' id='word_1_199' title='bbox 351 2617 366 2668; x_wconf 86' lang='grc' dir='ltr'>ά</span> <span class='ocrx_word' id='word_1_200' title='bbox 386 2614 421 2684; x_wconf 74' lang='grc' dir='ltr'>μὴ</span> <span class='ocrx_word' id='word_1_201' title='bbox 441 2616 532 2686; x_wconf 82' lang='grc' dir='ltr'>γελῶν,</span> <span class='ocrx_word' id='word_1_202' title='bbox 549 2613 704 2687; x_wconf 85' lang='grc' dir='ltr'>Ἐρμόδωρε,</span> <span class='ocrx_word' id='word_1_203' title='bbox 722 2613 737 2683; x_wconf 74' lang='grc' dir='ltr'><strong><em>ἣ</em></strong></span> <span class='ocrx_word' id='word_1_204' title='bbox 755 2613 929 2687; x_wconf 81' lang='grc' dir='ltr'>Ἡράκλειτος,</span> <span class='ocrx_word' id='word_1_205' title='bbox 951 2617 1019 2670; x_wconf 87' lang='grc' dir='ltr'>ώοτε</span> <span class='ocrx_word' id='word_1_206' title='bbox 1039 2638 1071 2685; x_wconf 93' lang='grc' dir='ltr'>με</span> <span class='ocrx_word' id='word_1_207' title='bbox 1090 2613 1250 2671; x_wconf 83' lang='grc' dir='ltr'>ἐλαύνουσιν.</span> <span class='ocrx_word' id='word_1_208' title='bbox 1273 2613 1293 2667; x_wconf 81' lang='grc' dir='ltr'>δ</span> <span class='ocrx_word' id='word_1_209' title='bbox 1313 2614 1454 2686; x_wconf 76' lang='grc' dir='ltr'>ἀνθρωττοι,</span> <span class='ocrx_word' id='word_1_210' title='bbox 1497 2633 1499 2640; x_wconf 94' lang='grc'><strong><em>·</em></strong></span> 
     </span>
    </p>

    <p class='ocr_par' dir='ltr' id='par_1_6' title="bbox 307 2709 1456 3672">
     <span class='ocr_line' id='line_1_22' title="bbox 307 2709 1456 2787; baseline -0.003 -18"><span class='ocrx_word' id='word_1_211' title='bbox 307 2737 338 2774; x_wconf 77' lang='grc' dir='ltr'>το</span> <span class='ocrx_word' id='word_1_212' title='bbox 352 2715 381 2769; x_wconf 80' lang='grc' dir='ltr'>οὗ</span> <span class='ocrx_word' id='word_1_213' title='bbox 401 2714 489 2768; x_wconf 88' lang='grc' dir='ltr'>θελετε</span> <span class='ocrx_word' id='word_1_214' title='bbox 509 2713 605 2784; x_wconf 87' lang='grc' dir='ltr'>μαθεῖν,</span> <span class='ocrx_word' id='word_1_215' title='bbox 620 2714 661 2768; x_wconf 86' lang='grc' dir='ltr'>διά</span> <span class='ocrx_word' id='word_1_216' title='bbox 677 2709 705 2767; x_wconf 85' lang='grc' dir='ltr'>τί</span> <span class='ocrx_word' id='word_1_217' title='bbox 721 2713 760 2768; x_wconf 75' lang='grc' dir='ltr'>ἀεί</span> <span class='ocrx_word' id='word_1_218' title='bbox 780 2713 937 2787; x_wconf 72' lang='grc' dir='ltr'>ἀγελαστώ,</span> <span class='ocrx_word' id='word_1_219' title='bbox 958 2715 988 2768; x_wconf 84' lang='grc' dir='ltr'>ού</span> <span class='ocrx_word' id='word_1_220' title='bbox 1002 2719 1086 2784; x_wconf 83' lang='grc' dir='ltr'>μισῶν</span> <span class='ocrx_word' id='word_1_221' title='bbox 1106 2713 1261 2785; x_wconf 86' lang='grc' dir='ltr'>ἀνθρώπους,</span> <span class='ocrx_word' id='word_1_222' title='bbox 1277 2713 1347 2767; x_wconf 88' lang='grc' dir='ltr'>ἀλλά</span> <span class='ocrx_word' id='word_1_223' title='bbox 1367 2713 1456 2767; x_wconf 87' lang='grc' dir='ltr'>κακίαν</span> 
     </span>
     <span class='ocr_line' id='line_1_23' title="bbox 351 2806 1454 2885; baseline 0.001 -18"><span class='ocrx_word' id='word_1_224' title='bbox 351 2809 442 2868; x_wconf 84' lang='grc' dir='ltr'>αύτῶν.</span> <span class='ocrx_word' id='word_1_225' title='bbox 465 2809 532 2867; x_wconf 90' lang='grc' dir='ltr'>αύτω</span> <span class='ocrx_word' id='word_1_226' title='bbox 545 2813 666 2885; x_wconf 71' lang='grc' dir='ltr'>γράψατε</span> <span class='ocrx_word' id='word_1_227' title='bbox 679 2812 725 2866; x_wconf 82' lang='grc' dir='ltr'>τὸν</span> <span class='ocrx_word' id='word_1_228' title='bbox 739 2813 825 2883; x_wconf 83' lang='grc' dir='ltr'>νόμον,</span> <span class='ocrx_word' id='word_1_229' title='bbox 842 2814 858 2843; x_wconf 87' lang='lat'>“</span> <span class='ocrx_word' id='word_1_230' title='bbox 868 2811 893 2868; x_wconf 79' lang='grc' dir='ltr'>εί</span> <span class='ocrx_word' id='word_1_231' title='bbox 908 2836 947 2870; x_wconf 89' lang='grc' dir='ltr'>τις</span> <span class='ocrx_word' id='word_1_232' title='bbox 964 2817 1038 2883; x_wconf 80' lang='grc' dir='ltr'>μισεῖ</span> <span class='ocrx_word' id='word_1_233' title='bbox 1056 2813 1149 2876; x_wconf 88' lang='grc' dir='ltr'>κακίαν,</span> <span class='ocrx_word' id='word_1_234' title='bbox 1164 2812 1239 2880; x_wconf 80' lang='grc' dir='ltr'>ἐξίτω</span> <span class='ocrx_word' id='word_1_235' title='bbox 1259 2813 1304 2881; x_wconf 84' lang='grc' dir='ltr'>τῆς</span> <span class='ocrx_word' id='word_1_236' title='bbox 1324 2806 1454 2879; x_wconf 82' lang='grc' dir='ltr'>πόλεως,”</span> 
     </span>
     <span class='ocr_line' id='line_1_24' title="bbox 351 2909 1454 2984; baseline 0.004 -19"><span class='ocrx_word' id='word_1_237' title='bbox 351 2912 393 2965; x_wconf 80' lang='grc' dir='ltr'>καὶ</span> <span class='ocrx_word' id='word_1_238' title='bbox 412 2916 512 2982; x_wconf 84' lang='grc' dir='ltr'>πρῶτος</span> <span class='ocrx_word' id='word_1_239' title='bbox 533 2910 623 2980; x_wconf 78' lang='grc' dir='ltr'>ἔξειμι.</span> <span class='ocrx_word' id='word_1_240' title='bbox 649 2909 877 2982; x_wconf 79' lang='grc' dir='ltr'>φυγαδευθὴσομαι</span> <span class='ocrx_word' id='word_1_241' title='bbox 898 2911 928 2966; x_wconf 84' lang='grc' dir='ltr'>ού</span> <span class='ocrx_word' id='word_1_242' title='bbox 948 2909 1080 2984; x_wconf 81' lang='grc' dir='ltr'>πατρίδος,</span> <span class='ocrx_word' id='word_1_243' title='bbox 1102 2910 1171 2964; x_wconf 88' lang='grc' dir='ltr'>ἀλλά</span> <span class='ocrx_word' id='word_1_244' title='bbox 1190 2909 1312 2982; x_wconf 86' lang='grc' dir='ltr'>πονηρίας</span> <span class='ocrx_word' id='word_1_245' title='bbox 1333 2909 1454 2980; x_wconf 79' lang='grc' dir='ltr'>ἅσμενος.</span> 
     </span>
     <span class='ocr_line' id='line_1_25' title="bbox 351 3004 1456 3082; baseline 0.001 -19"><span class='ocrx_word' id='word_1_246' title='bbox 351 3009 534 3081; x_wconf 72' lang='grc' dir='ltr'>μεταγράφατε</span> <span class='ocrx_word' id='word_1_247' title='bbox 558 3010 588 3063; x_wconf 84' lang='grc' dir='ltr'>τδ</span> <span class='ocrx_word' id='word_1_248' title='bbox 613 3008 745 3081; x_wconf 86' lang='grc' dir='ltr'>διάταγμα.</span> <span class='ocrx_word' id='word_1_249' title='bbox 777 3008 800 3062; x_wconf 83' lang='grc' dir='ltr'>εί</span> <span class='ocrx_word' id='word_1_250' title='bbox 825 3009 853 3064; x_wconf 80' lang='grc' dir='ltr'>δέ</span> <span class='ocrx_word' id='word_1_251' title='bbox 877 3011 1027 3082; x_wconf 83' lang='grc' dir='ltr'>ὁμολογεῖτε</span> <span class='ocrx_word' id='word_1_252' title='bbox 1049 3009 1190 3080; x_wconf 76' lang='grc' dir='ltr'>Ἐφεσίους</span> <span class='ocrx_word' id='word_1_253' title='bbox 1213 3005 1301 3062; x_wconf 90' lang='grc' dir='ltr'>κακίαν</span> <span class='ocrx_word' id='word_1_254' title='bbox 1325 3004 1389 3064; x_wconf 75' lang='grc' dir='ltr'>εἶναι</span> <span class='ocrx_word' id='word_1_255' title='bbox 1414 3011 1456 3064; x_wconf 78' lang='grc' dir='ltr'>καί</span> 
     </span>
     <span class='ocr_line' id='line_1_26' title="bbox 352 3104 1454 3180; baseline 0.004 -20"><span class='ocrx_word' id='word_1_256' title='bbox 352 3107 418 3175; x_wconf 84' lang='grc' dir='ltr'>ύμᾶς</span> <span class='ocrx_word' id='word_1_257' title='bbox 437 3110 515 3176; x_wconf 81' lang='grc' dir='ltr'>μισῶ,</span> <span class='ocrx_word' id='word_1_258' title='bbox 536 3111 591 3163; x_wconf 81' lang='grc' dir='ltr'>πῶς</span> <span class='ocrx_word' id='word_1_259' title='bbox 611 3107 656 3161; x_wconf 87' lang='grc' dir='ltr'>ούκ</span> <span class='ocrx_word' id='word_1_260' title='bbox 676 3105 708 3160; x_wconf 81' lang='grc' dir='ltr'>ἀν</span> <span class='ocrx_word' id='word_1_261' title='bbox 727 3107 778 3180; x_wconf 80' lang='grc' dir='ltr'>ἐγώ</span> <span class='ocrx_word' id='word_1_262' title='bbox 801 3106 956 3179; x_wconf 87' lang='grc' dir='ltr'>δικαιότερος</span> <span class='ocrx_word' id='word_1_263' title='bbox 979 3107 1115 3177; x_wconf 80' lang='grc' dir='ltr'>νομοθέτης</span> <span class='ocrx_word' id='word_1_264' title='bbox 1137 3104 1190 3176; x_wconf 88' lang='grc' dir='ltr'>είην</span> <span class='ocrx_word' id='word_1_265' title='bbox 1212 3105 1273 3163; x_wconf 82' lang='grc' dir='ltr'>τούς</span> <span class='ocrx_word' id='word_1_266' title='bbox 1295 3106 1454 3175; x_wconf 75' lang='grc' dir='ltr'>ποιήσαντας</span> 
     </span>
     <span class='ocr_line' id='line_1_27' title="bbox 307 3203 1455 3277; baseline 0 -16"><span class='ocrx_word' id='word_1_267' title='bbox 307 3203 517 3276; x_wconf 80' lang='grc' dir='ltr'>ν5Ἢράκλειτον</span> <span class='ocrx_word' id='word_1_268' title='bbox 538 3205 579 3259; x_wconf 85' lang='grc' dir='ltr'>διδ</span> <span class='ocrx_word' id='word_1_269' title='bbox 603 3205 726 3277; x_wconf 89' lang='grc' dir='ltr'>πονηρίαν</span> <span class='ocrx_word' id='word_1_270' title='bbox 746 3203 895 3277; x_wconf 85' lang='grc' dir='ltr'>ἀγέλαστον</span> <span class='ocrx_word' id='word_1_271' title='bbox 920 3203 1011 3276; x_wconf 82' lang='grc' dir='ltr'>ἐξιέναι</span> <span class='ocrx_word' id='word_1_272' title='bbox 1031 3209 1078 3260; x_wconf 80' lang='grc' dir='ltr'>τοῦ</span> <span class='ocrx_word' id='word_1_273' title='bbox 1117 3228 1154 3274; x_wconf 91' lang='grc' dir='ltr'>ην,</span> <span class='ocrx_word' id='word_1_274' title='bbox 1175 3207 1278 3275; x_wconf 82' lang='grc' dir='ltr'>μᾶλλον</span> <span class='ocrx_word' id='word_1_275' title='bbox 1302 3205 1330 3258; x_wconf 88' lang='grc' dir='ltr'>δέ</span> <span class='ocrx_word' id='word_1_276' title='bbox 1352 3206 1455 3277; x_wconf 87' lang='grc' dir='ltr'>μυρίαις</span> 
     </span>
     <span class='ocr_line' id='line_1_28' title="bbox 352 3301 1453 3379; baseline 0 -22"><span class='ocrx_word' id='word_1_277' title='bbox 352 3302 510 3372; x_wconf 77' lang='grc' dir='ltr'>ζημιοῦσθαι,</span> <span class='ocrx_word' id='word_1_278' title='bbox 526 3303 548 3356; x_wconf 83' lang='grc' dir='ltr'>εί</span> <span class='ocrx_word' id='word_1_279' title='bbox 560 3301 642 3358; x_wconf 87' lang='grc' dir='ltr'>πλέον</span> <span class='ocrx_word' id='word_1_280' title='bbox 655 3301 761 3357; x_wconf 82' lang='grc' dir='ltr'>ἀνιᾶσθε</span> <span class='ocrx_word' id='word_1_281' title='bbox 781 3303 894 3379; x_wconf 75' lang='grc' dir='ltr'>ἀργυρίῳ</span> <span class='ocrx_word' id='word_1_282' title='bbox 915 3306 1096 3374; x_wconf 68' lang='grc' dir='ltr'>κολαζόμενοιτ</span> <span class='ocrx_word' id='word_1_283' title='bbox 1120 3307 1197 3358; x_wconf 83' lang='grc' dir='ltr'>τοῦτο</span> <span class='ocrx_word' id='word_1_284' title='bbox 1215 3304 1285 3372; x_wconf 82' lang='grc' dir='ltr'>ὑμῶν</span> <span class='ocrx_word' id='word_1_285' title='bbox 1299 3302 1357 3358; x_wconf 89' lang='grc' dir='ltr'>ἐστι</span> <span class='ocrx_word' id='word_1_286' title='bbox 1371 3301 1453 3376; x_wconf 76' lang='grc' dir='ltr'>φυγή,</span> 
     </span>
     <span class='ocr_line' id='line_1_29' title="bbox 350 3398 1455 3473; baseline 0.001 -18"><span class='ocrx_word' id='word_1_287' title='bbox 350 3405 426 3455; x_wconf 75' lang='grc' dir='ltr'>τοῦτο</span> <span class='ocrx_word' id='word_1_288' title='bbox 447 3400 564 3458; x_wconf 87' lang='grc' dir='ltr'>θάνατος.</span> <span class='ocrx_word' id='word_1_289' title='bbox 586 3398 720 3470; x_wconf 80' lang='grc' dir='ltr'>ἦδικήκατέ</span> <span class='ocrx_word' id='word_1_290' title='bbox 740 3423 773 3470; x_wconf 88' lang='grc' dir='ltr'>με</span> <span class='ocrx_word' id='word_1_291' title='bbox 793 3401 949 3472; x_wconf 83' lang='grc' dir='ltr'>ἀφελόμενοι</span> <span class='ocrx_word' id='word_1_292' title='bbox 969 3400 984 3456; x_wconf 84' lang='grc' dir='ltr'>δ</span> <span class='ocrx_word' id='word_1_293' title='bbox 1005 3401 1061 3459; x_wconf 82' lang='grc' dir='ltr'>θεὸς</span> <span class='ocrx_word' id='word_1_294' title='bbox 1080 3402 1158 3457; x_wconf 79' lang='grc' dir='ltr'>ἔδωκε</span> <span class='ocrx_word' id='word_1_295' title='bbox 1178 3403 1219 3457; x_wconf 79' lang='grc' dir='ltr'>καί</span> <span class='ocrx_word' id='word_1_296' title='bbox 1239 3399 1403 3473; x_wconf 86' lang='grc' dir='ltr'>φυγαδεύετέ</span> <span class='ocrx_word' id='word_1_297' title='bbox 1421 3425 1455 3472; x_wconf 89' lang='grc' dir='ltr'>με</span> 
     </span>
     <span class='ocr_line' id='line_1_30' title="bbox 350 3498 1454 3574; baseline -0.003 -19"><span class='ocrx_word' id='word_1_298' title='bbox 350 3498 449 3558; x_wconf 87' lang='grc' dir='ltr'>ἀδίκως.</span> <span class='ocrx_word' id='word_1_299' title='bbox 480 3499 496 3570; x_wconf 79' lang='grc' dir='ltr'>ἢ</span> <span class='ocrx_word' id='word_1_300' title='bbox 516 3504 593 3554; x_wconf 76' lang='grc' dir='ltr'>τοῦτο</span> <span class='ocrx_word' id='word_1_301' title='bbox 618 3499 683 3568; x_wconf 84' lang='grc' dir='ltr'>ὑμᾶς</span> <span class='ocrx_word' id='word_1_302' title='bbox 706 3504 809 3572; x_wconf 82' lang='grc' dir='ltr'>πρῶτον</span> <span class='ocrx_word' id='word_1_303' title='bbox 832 3499 969 3574; x_wconf 81' lang='grc' dir='ltr'>ἀγαπήσω,</span> <span class='ocrx_word' id='word_1_304' title='bbox 990 3501 1030 3556; x_wconf 85' lang='grc' dir='ltr'>ὅτι</span> <span class='ocrx_word' id='word_1_305' title='bbox 1053 3523 1103 3572; x_wconf 89' lang='grc' dir='ltr'>μου</span> <span class='ocrx_word' id='word_1_306' title='bbox 1127 3502 1156 3555; x_wconf 86' lang='grc' dir='ltr'>τὸ</span> <span class='ocrx_word' id='word_1_307' title='bbox 1180 3501 1275 3573; x_wconf 81' lang='grc' dir='ltr'>ἥμερον</span> <span class='ocrx_word' id='word_1_308' title='bbox 1299 3498 1454 3570; x_wconf 78' lang='grc' dir='ltr'>ἐξεκόψατε,</span> 
     </span>
     <span class='ocr_line' id='line_1_31' title="bbox 351 3597 1454 3672; baseline -0.002 -18"><span class='ocrx_word' id='word_1_309' title='bbox 351 3604 392 3655; x_wconf 80' lang='grc' dir='ltr'>καί</span> <span class='ocrx_word' id='word_1_310' title='bbox 416 3601 447 3655; x_wconf 85' lang='grc' dir='ltr'>ού</span> <span class='ocrx_word' id='word_1_311' title='bbox 470 3597 584 3655; x_wconf 90' lang='grc' dir='ltr'>παύεσθε</span> <span class='ocrx_word' id='word_1_312' title='bbox 605 3598 815 3670; x_wconf 74' lang='grc' dir='ltr'>ἐπαγωνιζόμενοι</span> <span class='ocrx_word' id='word_1_313' title='bbox 837 3601 924 3670; x_wconf 84' lang='grc' dir='ltr'>νόμοις</span> <span class='ocrx_word' id='word_1_314' title='bbox 944 3600 985 3654; x_wconf 79' lang='grc' dir='ltr'>καὶ</span> <span class='ocrx_word' id='word_1_315' title='bbox 1005 3600 1173 3672; x_wconf 68' lang='grc' dir='ltr'>φυγαδείαιςτ</span> <span class='ocrx_word' id='word_1_316' title='bbox 1202 3598 1229 3653; x_wconf 92' lang='grc' dir='ltr'>ἐν</span> <span class='ocrx_word' id='word_1_317' title='bbox 1248 3600 1300 3671; x_wconf 84' lang='grc' dir='ltr'>γὰρ</span> <span class='ocrx_word' id='word_1_318' title='bbox 1322 3600 1354 3667; x_wconf 78' lang='grc' dir='ltr'>τῇ</span> <span class='ocrx_word' id='word_1_319' title='bbox 1375 3599 1454 3652; x_wconf 84' lang='grc' dir='ltr'>πόλει</span> 
     </span>
    </p>
   </div>
   <div class='ocr_carea' id='block_1_5' title="bbox 350 3789 1455 4157">
    <p class='ocr_par' dir='ltr' id='par_1_7' title="bbox 350 3789 1455 4157">
     <span class='ocr_line' id='line_1_32' title="bbox 350 3789 1455 3866; baseline -0.006 -16"><span class='ocrx_word' id='word_1_320' title='bbox 350 3793 399 3851; x_wconf 88' lang='grc' dir='ltr'>τίνι</span> <span class='ocrx_word' id='word_1_321' title='bbox 424 3789 570 3863; x_wconf 88' lang='grc' dir='ltr'>συμμεθύω,</span> <span class='ocrx_word' id='word_1_322' title='bbox 595 3791 646 3846; x_wconf 91' lang='grc' dir='ltr'>τίνι</span> <span class='ocrx_word' id='word_1_323' title='bbox 670 3790 881 3866; x_wconf 66' lang='grc' dir='ltr'>συμφθείροραις</span> <span class='ocrx_word' id='word_1_324' title='bbox 913 3795 942 3848; x_wconf 82' lang='grc' dir='ltr'>αὖ</span> <span class='ocrx_word' id='word_1_325' title='bbox 970 3790 1080 3864; x_wconf 79' lang='grc' dir='ltr'>φθείροι,</span> <span class='ocrx_word' id='word_1_326' title='bbox 1105 3794 1150 3846; x_wconf 79' lang='grc' dir='ltr'>οὐκ</span> <span class='ocrx_word' id='word_1_327' title='bbox 1177 3790 1254 3846; x_wconf 80' lang='grc' dir='ltr'>ἀδικῶ</span> <span class='ocrx_word' id='word_1_328' title='bbox 1282 3791 1376 3845; x_wconf 86' lang='grc' dir='ltr'>ούδένιι</span> <span class='ocrx_word' id='word_1_329' title='bbox 1402 3795 1455 3844; x_wconf 82' lang='grc' dir='ltr'>τῶν</span> 
     </span>
     <span class='ocr_line' id='line_1_33' title="bbox 350 3885 1454 3961; baseline -0.005 -13"><span class='ocrx_word' id='word_1_330' title='bbox 350 3892 476 3959; x_wconf 81' lang='grc' dir='ltr'>ἀπάντων,</span> <span class='ocrx_word' id='word_1_331' title='bbox 500 3889 578 3957; x_wconf 81' lang='grc' dir='ltr'>μόνος</span> <span class='ocrx_word' id='word_1_332' title='bbox 601 3887 651 3957; x_wconf 78' lang='grc' dir='ltr'>εἶμί</span> <span class='ocrx_word' id='word_1_333' title='bbox 675 3887 703 3942; x_wconf 90' lang='grc' dir='ltr'>ἐν</span> <span class='ocrx_word' id='word_1_334' title='bbox 724 3891 755 3957; x_wconf 82' lang='grc' dir='ltr'>τῇ</span> <span class='ocrx_word' id='word_1_335' title='bbox 781 3891 865 3944; x_wconf 86' lang='grc' dir='ltr'>πόλει.</span> <span class='ocrx_word' id='word_1_336' title='bbox 896 3889 1001 3961; x_wconf 84' lang='grc' dir='ltr'>ἐρημίαν</span> <span class='ocrx_word' id='word_1_337' title='bbox 1020 3888 1098 3958; x_wconf 77' lang='grc' dir='ltr'>αὐτὴν</span> <span class='ocrx_word' id='word_1_338' title='bbox 1116 3885 1268 3956; x_wconf 77' lang='grc' dir='ltr'>πεποιήκατε</span> <span class='ocrx_word' id='word_1_339' title='bbox 1293 3887 1335 3941; x_wconf 87' lang='grc' dir='ltr'>διά</span> <span class='ocrx_word' id='word_1_340' title='bbox 1356 3887 1454 3943; x_wconf 88' lang='grc' dir='ltr'>κακίας.</span> 
     </span>
     <span class='ocr_line' id='line_1_34' title="bbox 350 3984 1455 4062; baseline -0.001 -18"><span class='ocrx_word' id='word_1_341' title='bbox 350 3990 366 4060; x_wconf 79' lang='grc' dir='ltr'><em>ἡ</em></span> <span class='ocrx_word' id='word_1_342' title='bbox 390 3989 473 4062; x_wconf 85' lang='grc' dir='ltr'>ἀγορά</span> <span class='ocrx_word' id='word_1_343' title='bbox 496 3987 566 4057; x_wconf 78' lang='grc' dir='ltr'>ὑμῶν</span> <span class='ocrx_word' id='word_1_344' title='bbox 589 3984 760 4058; x_wconf 66' lang='grc' dir='ltr'>Ἠράκλειτον</span> <span class='ocrx_word' id='word_1_345' title='bbox 783 3986 880 4059; x_wconf 84' lang='grc' dir='ltr'>ἀγαθὸν</span> <span class='ocrx_word' id='word_1_346' title='bbox 901 3989 986 4049; x_wconf 71' lang='grc' dir='ltr'>ποιεῖς</span> <span class='ocrx_word' id='word_1_347' title='bbox 1020 3991 1074 4041; x_wconf 80' lang='grc' dir='ltr'>οὔκ·</span> <span class='ocrx_word' id='word_1_348' title='bbox 1105 3986 1174 4040; x_wconf 85' lang='grc' dir='ltr'>ἀλλά</span> <span class='ocrx_word' id='word_1_349' title='bbox 1194 3985 1362 4058; x_wconf 82' lang='grc' dir='ltr'>Ἡράκλειτος</span> <span class='ocrx_word' id='word_1_350' title='bbox 1389 3985 1455 4056; x_wconf 76' lang='grc' dir='ltr'>ὑμᾶς</span> 
     </span>
     <span class='ocr_line' id='line_1_35' title="bbox 350 4081 1455 4157; baseline -0.002 -15"><span class='ocrx_word' id='word_1_351' title='bbox 350 4089 435 4144; x_wconf 84' lang='grc' dir='ltr'>πάλιν.</span> <span class='ocrx_word' id='word_1_352' title='bbox 467 4083 526 4140; x_wconf 88' lang='grc' dir='ltr'>ἀλλ’</span> <span class='ocrx_word' id='word_1_353' title='bbox 552 4084 598 4137; x_wconf 81' lang='grc' dir='ltr'>οὔκ</span> <span class='ocrx_word' id='word_1_354' title='bbox 621 4082 735 4139; x_wconf 90' lang='grc' dir='ltr'>ἐθέλετε.</span> <span class='ocrx_word' id='word_1_355' title='bbox 769 4084 820 4157; x_wconf 84' lang='grc' dir='ltr'>ἐγὼ</span> <span class='ocrx_word' id='word_1_356' title='bbox 840 4085 887 4154; x_wconf 86' lang='grc' dir='ltr'>μέν</span> <span class='ocrx_word' id='word_1_357' title='bbox 907 4083 1042 4156; x_wconf 86' lang='grc' dir='ltr'>βούλομαι,</span> <span class='ocrx_word' id='word_1_358' title='bbox 1064 4082 1104 4140; x_wconf 83' lang='grc' dir='ltr'>καί</span> <span class='ocrx_word' id='word_1_359' title='bbox 1128 4087 1204 4155; x_wconf 87' lang='grc' dir='ltr'>νόμος</span> <span class='ocrx_word' id='word_1_360' title='bbox 1227 4085 1278 4154; x_wconf 79' lang='grc' dir='ltr'>εἶμί</span> <span class='ocrx_word' id='word_1_361' title='bbox 1298 4083 1395 4153; x_wconf 82' lang='grc' dir='ltr'>ἀλλων,</span> <span class='ocrx_word' id='word_1_362' title='bbox 1419 4081 1455 4141; x_wconf 82' lang='grc' dir='ltr'>εἶς</span> 
     </span>
    </p>
   </div>
   <div class='ocr_carea' id='block_1_6' title="bbox 350 4298 1455 4601">
    <p class='ocr_par' dir='ltr' id='par_1_8' title="bbox 350 4293 1455 4601">
     <span class='ocr_line' id='line_1_36' title="bbox 386 4298 1455 4364; baseline -0.003 -11"><span class='ocrx_word' id='word_1_363' title='bbox 386 4303 663 4360; x_wconf 74' lang='grc' dir='ltr'>νέτανιαοΐΗοτολοτε</span> <span class='ocrx_word' id='word_1_364' title='bbox 683 4298 802 4350; x_wconf 78' lang='grc' dir='ltr'>ίτανισύιν</span> <span class='ocrx_word' id='word_1_365' title='bbox 813 4300 842 4357; x_wconf 91' lang='grc' dir='ltr'>Β,</span> <span class='ocrx_word' id='word_1_366' title='bbox 854 4301 922 4364; x_wconf 81' lang='lat' dir='ltr'><strong>vulg.</strong></span> <span class='ocrx_word' id='word_1_367' title='bbox 949 4305 960 4360; x_wconf 73' lang='lat' dir='ltr'>ss</span> <span class='ocrx_word' id='word_1_368' title='bbox 987 4298 1165 4362; x_wconf 71' lang='grc' dir='ltr'>ὀλισθήσονταί</span> <span class='ocrx_word' id='word_1_369' title='bbox 1190 4307 1200 4362; x_wconf 93' lang='grc' dir='ltr'>ΙΙ</span> <span class='ocrx_word' id='word_1_370' title='bbox 1228 4299 1455 4364; x_wconf 63' lang='grc' dir='ltr'>ηδιαληφθένταΒ</span> 
     </span>
     <span class='ocr_line' id='line_1_37' title="bbox 353 4376 1454 4446; baseline -0.002 -16"><span class='ocrx_word' id='word_1_371' title='bbox 353 4389 363 4443; x_wconf 82' lang='lat' dir='ltr'>l}</span> <span class='ocrx_word' id='word_1_372' title='bbox 379 4398 392 4446; x_wconf 89' lang='lat'>5</span> <span class='ocrx_word' id='word_1_373' title='bbox 406 4380 492 4445; x_wconf 75' lang='grc' dir='ltr'>ὄψεων]</span> <span class='ocrx_word' id='word_1_374' title='bbox 503 4380 643 4445; x_wconf 75' lang='grc' dir='ltr'>ὀρέξεωιΒι</span> <span class='ocrx_word' id='word_1_375' title='bbox 662 4380 720 4428; x_wconf 77' lang='lat' dir='ltr'>fort.</span> <span class='ocrx_word' id='word_1_376' title='bbox 729 4376 866 4441; x_wconf 77' lang='grc' dir='ltr'>φρονήσεως</span> <span class='ocrx_word' id='word_1_377' title='bbox 880 4384 889 4438; x_wconf 81' lang='grc' dir='ltr'>ΙΙ</span> <span class='ocrx_word' id='word_1_378' title='bbox 903 4378 918 4427; x_wconf 89' lang='lat'><strong>6</strong></span> <span class='ocrx_word' id='word_1_379' title='bbox 930 4376 1220 4440; x_wconf 77' lang='grc' dir='ltr'>τλήττων,άρμοζόμενος</span> <span class='ocrx_word' id='word_1_380' title='bbox 1228 4379 1295 4442; x_wconf 80' lang='lat' dir='ltr'><strong>vulg.</strong></span> <span class='ocrx_word' id='word_1_381' title='bbox 1305 4379 1454 4440; x_wconf 63' lang='grc' dir='ltr'>εὴλάττων,</span> 
     </span>
     <span class='ocr_line' id='line_1_38' title="bbox 350 4453 1455 4524; baseline -0.001 -16"><span class='ocrx_word' id='word_1_382' title='bbox 350 4457 571 4524; x_wconf 60' lang='grc' dir='ltr'>δρμοζάμενοςᾝι</span> <span class='ocrx_word' id='word_1_383' title='bbox 588 4456 711 4514; x_wconf 84' lang='grc' dir='ltr'>πλάττων,</span> <span class='ocrx_word' id='word_1_384' title='bbox 722 4453 866 4518; x_wconf 78' lang='grc' dir='ltr'>ἀρμόζωνΒ</span> <span class='ocrx_word' id='word_1_385' title='bbox 915 4461 927 4515; x_wconf 85' lang='grc' dir='ltr'>ΙΙ</span> <span class='ocrx_word' id='word_1_386' title='bbox 981 4470 1010 4518; x_wconf 83' lang='lat'>13</span> <span class='ocrx_word' id='word_1_387' title='bbox 1023 4454 1062 4503; x_wconf 80' lang='grc' dir='ltr'>ὅδε</span> <span class='ocrx_word' id='word_1_388' title='bbox 1073 4455 1181 4517; x_wconf 75' lang='grc' dir='ltr'>ἀμείνων,</span> <span class='ocrx_word' id='word_1_389' title='bbox 1194 4455 1244 4505; x_wconf 82' lang='grc' dir='ltr'>ἐπεί</span> <span class='ocrx_word' id='word_1_390' title='bbox 1255 4456 1455 4521; x_wconf 84' lang='grc' dir='ltr'>ἀταθέστερονΒ</span> 
     </span>
     <span class='ocr_line' id='line_1_39' title="bbox 353 4532 1378 4601; baseline -0.004 -13"><span class='ocrx_word' id='word_1_391' title='bbox 353 4546 362 4599; x_wconf 93' lang='grc' dir='ltr'>ΙΙ</span> <span class='ocrx_word' id='word_1_392' title='bbox 379 4555 409 4601; x_wconf 80' lang='lat'>²3</span> <span class='ocrx_word' id='word_1_393' title='bbox 422 4536 530 4601; x_wconf 84' lang='grc' dir='ltr'>ἐφεσίουι</span> <span class='ocrx_word' id='word_1_394' title='bbox 542 4537 595 4586; x_wconf 83' lang='lat' dir='ltr'>cod.</span> <span class='ocrx_word' id='word_1_395' title='bbox 608 4536 671 4594; x_wconf 69' lang='lat' dir='ltr'>Pal„</span> <span class='ocrx_word' id='word_1_396' title='bbox 684 4535 721 4583; x_wconf 88' lang='lat' dir='ltr'>B:</span> <span class='ocrx_word' id='word_1_397' title='bbox 740 4532 844 4597; x_wconf 75' lang='grc' dir='ltr'>ἐφεσίοιι</span> <span class='ocrx_word' id='word_1_398' title='bbox 856 4533 923 4598; x_wconf 81' lang='lat' dir='ltr'>vulg.</span> <span class='ocrx_word' id='word_1_399' title='bbox 944 4539 954 4594; x_wconf 87' lang='grc'>11</span> <span class='ocrx_word' id='word_1_400' title='bbox 976 4533 1005 4582; x_wconf 86' lang='lat'>26</span> <span class='ocrx_word' id='word_1_401' title='bbox 1018 4533 1050 4598; x_wconf 89' lang='grc' dir='ltr'>εί]</span> <span class='ocrx_word' id='word_1_402' title='bbox 1064 4533 1114 4583; x_wconf 73' lang='grc' dir='ltr'>ἐπεὶ</span> <span class='ocrx_word' id='word_1_403' title='bbox 1127 4534 1149 4582; x_wconf 92' lang='grc' dir='ltr'><strong>Β</strong></span> <span class='ocrx_word' id='word_1_404' title='bbox 1168 4540 1177 4595; x_wconf 84' lang='grc' dir='ltr'>ΙΙ</span> <span class='ocrx_word' id='word_1_405' title='bbox 1198 4549 1228 4599; x_wconf 76' lang='lat'>54</span> <span class='ocrx_word' id='word_1_406' title='bbox 1239 4535 1297 4584; x_wconf 80' lang='lat' dir='ltr'><strong>fort.</strong></span> <span class='ocrx_word' id='word_1_407' title='bbox 1307 4532 1378 4597; x_wconf 76' lang='grc' dir='ltr'>άλλη)</span> 
     </span>
    </p>
   </div>
   <div class='ocr_carea' id='block_1_7' title="bbox 0 0 1630 5174">
    <p class='ocr_par' dir='ltr' id='par_1_9' title="bbox 0 0 1630 5174">
     <span class='ocr_line' id='line_1_40' title="bbox 0 0 1630 5174; baseline 0 0"><span class='ocrx_word' id='word_1_408' title='bbox 0 0 1630 5174; x_wconf 95' lang='lat' dir='ltr'> </span> 
     </span>
    </p>
   </div>
  </div>
 </body>
</html>
