3252 5174
366 441 407 498 66
779 451 939 495 ινναυουι
954 469 994 479 -
1012 450 1049 496 11.

364 627 445 683 ποιέει
458 626 638 698 ηάμφοτέρως
654 622 761 698 φέρετί
779 627 860 682 σίτων
877 627 909 682 τό
927 627 974 698 μέν
993 628 1061 682 κάτω
1079 627 1199 694 πιέζεται,
1214 626 1247 680 τὸ
1267 625 1295 680 δέ
1313 625 1365 681 τίνω
1384 625 1463 698 ἕρπει

365 725 417 781 ἀπὸ
429 726 487 795 μιῆς
500 725 590 797 ψυχῆς
604 723 775 796 διαιρουμένης
788 725 893 781 πλείους
906 726 947 780 καί
960 725 1046 795 μείους
1060 725 1101 779 καί
1114 723 1216 795 μέζονες
1231 724 1271 778 καί
1284 724 1439 780 έλάσσονες.

407 837 483 879 xvn.
500 822 635 893 Οίκοδόμοι
648 822 676 877 έκ
690 822 823 894 διαφόρων
835 821 973 896 σύμφορον
985 823 1135 896 ἐργάζονται
1147 823 1179 877 τά
1191 819 1239 894 μέν
1251 823 1317 894 ξηρά
1332 823 1475 896 ι’νγραίνον-.

365 921 501 990 τες,τάδέ
516 921 582 993 ύγρίι
601 919 770 993 ξηραίνοντες,
784 920 817 975 τὰ
834 921 882 990 μέν
899 920 950 976 ὅλα
963 920 1125 994 διαιρέοντες,
1139 921 1172 976 τὰ
1186 921 1214 976 δέ
1229 920 1364 992 διῃρημένα
1378 943 1466 976 συντι-

337 1033 352 1084 5
366 1016 459 1075 θέντες·
477 1019 512 1088 μη
526 1015 591 1074 οὕτω
606 1018 633 1072 δέ
644 1019 810 1089 έχόντωνούκ
821 1017 919 1089 ἀνέχοι
931 1013 949 1088 ᾖ
959 1019 1006 1075 δεῖ.
1021 1019 1120 1074 δίαιταν
1129 1018 1288 1090 ἀνθρωπίνην
1296 1017 1421 1088 μιμέεται·
1435 1017 1467 1072 τά

364 1116 411 1186 μέν
424 1117 489 1188 ξηρά
501 1117 670 1190 ὑγραίνοντες,
684 1117 716 1171 τό
727 1117 754 1171 δέ
764 1117 831 1188 ὑγρά
845 1116 1011 1188 ξηραίνοντες,
1025 1118 1058 1172 τὰ
1078 1117 1126 1187 μέν
1145 1115 1196 1172 α’λα
1217 1115 1370 1189 διαιρέουσι,
1385 1116 1419 1170 τὸ
1438 1115 1467 1169 δέ

365 1214 499 1287 διῃρημένα
512 1213 666 1282 ξυντιθέασι·
686 1217 766 1268 ταῦτα
778 1215 860 1269 πάντα
877 1215 989 1288 διάφορα
1003 1214 1076 1270 ε’όντα
1091 1213 1221 1285 συμφέρει
1235 1217 1267 1282 τῇ
1280 1212 1373 1286 φύσει.

405 1325 498 1369 xvm.
519 1315 651 1382 Μουσικῆς
670 1312 778 1386 ὄργανον
796 1312 907 1384 ὑπάρξαι
927 1313 967 1367 δεῖ
984 1318 1086 1384 πρῶτον
1099 1312 1128 1366 έν
1140 1302 1162 1386 ᾧ
1176 1312 1290 1380 δηλώσει
1304 1309 1321 1364 ἃ
1333 1309 1466 1376 βούλεται.

365 1408 484 1482 ιίρμονίης
508 1411 641 1480 συντόξιες
662 1411 689 1465 έκ
709 1415 763 1466 τῶν
780 1411 863 1466 αὐτῶν
884 1411 933 1482 ούχ
956 1413 983 1465 αί
1002 1411 1076 1466 αι’νταί
1096 1411 1125 1464 έκ
1146 1412 1193 1464 τοῦ
1214 1408 1289 1478 ὀξέος
1309 1412 1350 1466 καί
1372 1410 1401 1464 έκ
1421 1413 1467 1464 τοῦ

323 1520 354 1557 ιο
364 1508 467 1580 βαρέος,
482 1509 585 1578 ὀνόματι
605 1509 652 1579 μέν
671 1507 765 1578 όμοίων
785 1508 896 1584 φθόγγῳ
911 1508 939 1562 δέ
960 1509 1009 1580 οὗχ
1029 1507 1133 1578 ὁμοίων.
1175 1508 1207 1562 τό
1223 1509 1338 1563 πλείστα
1351 1507 1466 1579 διάφορα

364 1607 479 1676 μάλιστα
499 1606 635 1679 ξυμφέρει,
649 1607 682 1660 τὰ
702 1607 730 1661 δέ
750 1605 878 1678 έλάχιοττι
898 1606 1011 1678 διάφορα
1030 1606 1122 1674 ἥκιστα
1142 1604 1279 1678 ξυμφέρει·
1300 1606 1323 1660 εί
1344 1605 1372 1660 δέ
1392 1605 1468 1675 ὅμοια

364 1705 446 1759 πάντα
455 1702 558 1773 ποιήσει
570 1727 617 1773 τις,
630 1706 675 1759 οὐκ
688 1705 726 1759 έτι
739 1705 840 1776 τέρψις·
861 1706 888 1758 αί
900 1706 1022 1759 πλεῖσται
1036 1703 1179 1773 μεταβολαί
1193 1703 1233 1757 καί
1250 1702 1465 1759 πολυειδέσταται

365 1803 480 1873 μάλιστα
493 1803 641 1875 τέρπουσιν.

407 1904 532 1976 Μάγειροι
552 1903 611 1976 όψα
632 1904 800 1970 σκευάζουσιν
817 1902 976 1975 ἀνθρώποισι
997 1903 1130 1974 διαφόρων
1150 1904 1301 1975 συμφόρων,
1317 1900 1468 1958 παντοδαπά

322 2007 352 2059 15
366 2002 550 2082 συγκρίνοντες,
572 2002 600 2056 έκ
620 2005 671 2057 τῶν
694 2001 777 2056 αὐτῶν
796 2001 827 2054 οίι
846 2002 933 2071 ταύτό,
954 2004 1058 2074 βρῶσιν
1077 2002 1119 2056 καί
1138 2004 1218 2056 πόσιν
1236 2000 1373 2073 ἀνθρώπῳ·
1394 1999 1417 2054 εί
1438 1998 1468 2052 δέ

363 2100 446 2155 πάντα
459 2098 533 2169 ὅμοια
545 2099 656 2169 ποιήσει,
671 2099 717 2154 οὐκ
730 2099 785 2170 ἔχει
798 2099 900 2172 τέρψιν·
922 2097 974 2153 οὐδ’
989 2099 1013 2153 εί
1026 2099 1054 2152 έν
1071 2102 1108 2174 τῷ
1126 2099 1195 2174 αὐτῷ
1212 2101 1295 2154 πάντα
1313 2097 1466 2168 ξυντόξειεν,

363 2199 411 2252 οὐκ
425 2197 456 2252 δν
475 2198 531 2269 έχοι
547 2197 639 2271 ὀρθῶς.
680 2197 796 2270 κρούεται
816 2199 849 2252 τίς
870 2196 999 2268 κρούματα
1019 2197 1047 2252 έν
1066 2201 1176 2267 μουσικῇ
1193 2198 1226 2251 τὰ
1245 2197 1293 2267 μὲν
1311 2197 1371 2266 ἀνω,
1385 2196 1418 2251 τά
1438 2196 1467 2249 δὲ

364 2297 440 2351 κάτω·
459 2298 574 2369 γλῶσσα
593 2296 718 2366 μουσικὴν
737 2295 851 2366 μιμέεται
871 2296 1080 2368 διαγινώσκουσα
1099 2295 1146 2366 μέν
1166 2296 1196 2349 τό
1214 2295 1297 2368 γλυκύ
1316 2297 1357 2349 καί
1374 2296 1404 2349 τὸ
1418 2294 1468 2363 ἀξύ

363 2398 414 2448 τῶν
426 2395 648 2466 προσπιπτόντων,
663 2394 704 2448 καί
718 2393 836 2463 διάφωνα
850 2394 890 2447 καὶ
904 2392 1040 2464 ξύμφωνα·
1061 2391 1176 2464 κρούεται
1190 2393 1218 2447 δέ
1233 2393 1303 2464 [τοὺς
1317 2386 1465 2470 φθόγγους]

321 2498 353 2533 ²0
363 2490 415 2546 άνω
429 2491 470 2545 καί
484 2492 560 2560 κάτω,
574 2491 615 2546 καί
628 2487 685 2545 οίίτέ
699 2493 731 2545 τά
744 2491 794 2546 ἅνω
810 2491 876 2546 κάτω
892 2493 1030 2563 κρουόμενα
1044 2490 1128 2563 ὀρθῶς
1140 2493 1195 2562 ἔχει
1208 2494 1268 2545 οὔτε
1280 2493 1313 2546 τὰ
1327 2491 1393 2546 κάτω
1403 2491 1466 2546 άνω·

365 2589 449 2644 καλῶς
462 2588 490 2642 δέ
503 2586 663 2659 ἡρμοσμένης
674 2589 809 2659 γλώσσης,
822 2592 853 2657 τῇ
868 2589 1006 2661 συμφωνίη
1019 2588 1120 2661 τέρψις,
1135 2588 1299 2661 ἀναρμόστου
1313 2589 1341 2642 δέ
1355 2587 1433 2657 λύπη.

406 2699 474 2741 m.
496 2685 647 2757 Νακοδέψαι
665 2685 779 2741 τείνουσι
799 2688 921 2759 τρίβουσι
941 2683 1081 2754 κτενίζυυσι
1098 2686 1235 2742 πλύνουσι·
1256 2687 1335 2741 ταδτά
1356 2686 1466 2742 παιδίων

367 2782 498 2855 θεραπείη.

407 2881 521 2938 Πλοκέες
538 2880 643 2954 όγοντες
661 2881 745 2956 κύκλῳ
762 2881 911 2952 πλέκουσιν,
926 2881 976 2937 ἀπὸ
994 2885 1039 2951 της
1057 2882 1139 2955 ἀρχῆς
1158 2882 1186 2940 ές
1204 2883 1250 2952 τὴν
1269 2882 1352 2955 ἀρχὴν
1371 2885 1461 2937 τελευ-

321 2986 351 3036 ²5
366 2982 439 3034 τώσι·
460 2980 542 3034 τωύτὸ
554 2978 673 3050 περίοδος
686 2979 713 3035 έν
725 2983 762 3054 τῷ
775 2982 883 3050 σώματι,
898 2979 987 3035 ὁκόθεν
1000 2980 1114 3052 όρχεται,
1129 2982 1171 3036 έπί
1185 2985 1262 3036 τοῦτο
1275 2983 1390 3051 remu.

406 3091 456 3132 xx.
490 3077 606 3149 Χρυσίον
632 3078 786 3150 ἐργάζονται,
812 3081 936 3133 κόπτουσι
962 3076 1091 3134 πλύνουσι
1117 3077 1232 3148 τίηκουσι·
1260 3080 1322 3152 πυρί
1345 3081 1463 3154 μαλακηι,

366 3176 467 3250 ἰσχυρῷ
485 3173 508 3230 δ’
529 3179 567 3247 οὔ,
587 3176 746 3231 συνίσταται·
768 3176 967 3248 ἀπειργασμένοι
984 3179 1049 3248 πρὸς
1066 3178 1148 3232 πάντα
1165 3183 1285 3250 χρῶνται.
1331 3177 1466 3250 ἄνθρωπος

366 3275 439 3328 σῖτον
463 3275 549 3328 κόπτει
575 3272 665 3328 πλύνει
692 3271 790 3343 ἀληθει,
814 3275 937 3345 πυρώσας
963 3276 1064 3346 χρῆται·
1096 3274 1198 3350 ίσχυρῷ
1219 3274 1267 3344 μέν
1291 3275 1353 3347 πυρί
1378 3275 1406 3330 έν
1428 3278 1466 3350 τῷ

365 3373 508 3440 σώματιώ
523 3371 683 3441 συνίσταται,
698 3374 804 3446 μαλακῷ
818 3371 858 3427 δέ.

319 3474 352 3524 30
406 3483 470 3524 m
492 3467 707 3542 Ἀνδριαντοποιοί
733 3469 840 3539 μίμησιν
867 3471 986 3540 σώματος
1005 3470 1124 3526 ποιέουσι
1148 3471 1218 3541 πλὴν
1242 3471 1341 3542 ψυχῆς,
1362 3472 1466 3543 γνώμην

364 3565 387 3620 δ’
408 3567 502 3637 έχοντα
525 3566 556 3620 οὔ
576 3566 716 3622 ποιέουσιν·
736 3566 766 3634 έξ
790 3565 880 3624 ὕδατος
905 3569 945 3622 καί
968 3570 1015 3641 γῆς
1038 3571 1070 3623 τίς
1094 3569 1160 3641 ύγριλ
1182 3569 1343 3642 ξηραίνοντες
1366 3570 1406 3624 καί
1430 3570 1463 3624 τδ

364 3663 429 3735 ξηρά
444 3663 610 3736 ὑγραίνοντες,
632 3663 798 3736 ἀφαιρέοντας
817 3664 870 3720 ἀπὸ
888 3670 939 3722 τῶν
958 3668 1140 3739 ὑπερεχόντων,
1163 3669 1228 3740 πρδς
1253 3668 1286 3723 τὰ
1311 3667 1465 3722 έλλείποντα

363 3760 556 3833 προστιθέασιν,
578 3761 606 3816 έκ
625 3766 671 3816 τοῦ
691 3763 832 3833 έλαχίστου
853 3764 880 3819 ές
900 3765 931 3819 τὸ
951 3764 1075 3834 μήκιστον
1096 3766 1223 3836 αὔξοντες.
1266 3766 1345 3821 ταύτὰ
1364 3768 1464 3838 πάσχει

398 3973 659 4039 ιφέρειαίτοινοτα.θ
691 3979 700 4034 ΙΙ
737 3975 884 4039 ιησιίμφορον
896 3974 970 4026 οαι.θ
985 3993 990 4026 :
1007 3977 1064 4027 fort.
1076 3976 1205 4042 συμφόρων
1233 3983 1244 4038 ΙΙ
1279 3977 1462 4044 9άρμονίηιθ;

361 4051 880 4118 ἀρμονίηνΕιάρμονίηΊιςίοτίιίρμονίη
908 4059 917 4114 ΙΙ
946 4069 973 4103 11
987 4055 1020 4104 τὰ
1036 4054 1271 4106 δίΕθιιιαίτάΙι
1301 4063 1310 4117 Η
1340 4057 1463 4110 Ιαέτιθι

362 4117 510 4197 έίιΙιυαΙς.
545 4137 556 4193 ΙΙ
593 4130 1050 4199 ι5ἀνθρόιτφθεάνθράιτων1ινα18.
1079 4141 1090 4195 η
1124 4134 1465 4197 εί...τοιήσειδεην...

362 4211 450 4276 τοιήση
467 4212 490 4261 L
508 4213 574 4277 vulg.
608 4217 618 4272 ΙΙ
656 4209 824 4274 ςιναςοδέψαι
840 4209 890 4261 Lo:
907 4211 1054 4277 σκυτοδέψαι
1072 4213 1140 4278 vulg.
1177 4218 1188 4277 η
1222 4211 1301 4262 ταύτὰ
1317 4213 1463 4265 Ermerins:

362 4289 439 4338 ταῦτα
454 4290 476 4339 L
489 4291 557 4355 vulg.
588 4295 599 4350 ΙΙ
635 4288 788 4354 αηθεραπείη
805 4287 836 4355 ές
859 4290 971 4354 θεραπηίη
988 4291 1012 4339 L
1027 4291 1094 4356 vulg.
1134 4293 1144 4349 ΙΙ
1183 4289 1461 4356 α5ποιύτδΕτιαοτίαςς

362 4367 436 4416 τοῦτο
452 4365 555 4433 Lvulg.
590 4374 601 4429 η
637 4379 668 4431 ιη
684 4366 868 4431 ἀπειργασμένοι
883 4366 914 4419 ⁰:
935 4369 1162 4434 ἀπεργασάμενοιῐι
1196 4375 1207 4431 n
1243 4385 1274 4437 ²9
1291 4375 1393 4435 μαλακῷ
1407 4371 1462 4422 EO:

362 4446 510 4510 μαλθακῷῙι
567 4453 582 4507 11,
635 4446 1048 4512 3οςαίπροστιθέααιτρδιτ.ί.1ι
1098 4454 1108 4508 ΙΙ
1160 4445 1269 4512 33έιδι
1291 4449 1463 4513 vpluLvulg.

364 4530 375 4586 n
387 4524 506 4587 μήκιστον
516 4523 545 4575 0:
564 4524 682 4588 μέγιστον
694 4527 715 4574 L
726 4527 795 4590 vulg.
