3252 5174
341 415 381 469 64
754 419 915 465 ΔΡΡΕΝΒῙΧ
928 437 972 448 -
985 420 1024 464 ΙΙ.

339 595 419 665 ε’λκιι,
433 596 463 649 τδ
482 595 511 648 δὲ
525 593 605 664 ὠθέει,
620 591 683 649 ε’ίσω
703 592 731 648 δὲ
747 592 898 663 βιαζόμενον
915 592 965 660 ἔξω
979 590 1060 664 ἕρπει,
1074 589 1105 661 ήν
1118 590 1147 646 δι’
1159 592 1247 660 βιήται
1260 589 1330 660 παρὰ
1344 589 1440 660 καιρόν,

340 693 435 750 παντὸς
448 689 622 762 ἀποτεύξεται.

291 908 294 928 ⁴
382 902 413 944 x.
432 885 487 942 Ἐνὶ
500 886 528 942 δι’
540 889 612 962 λόγῳ
630 887 713 943 πόντα
730 883 921 955 διεκοσμήσατο
939 884 1002 938 κατὰ
1022 885 1118 956 τρόπον
1137 882 1199 936 aina
1219 883 1304 956 ἑωυτῷ
1317 881 1351 936 τά
1364 881 1392 935 έν
1403 903 1441 954 τερ

313 986 441 1055 ησάματι
454 986 484 1039 τὸ
498 988 558 1056 πῦρ,
573 984 730 1056 ἀπομίμησιν
749 986 795 1037 τοῦ
813 981 886 1051 όλου,
904 982 981 1054 μικρὰ
998 983 1064 1053 πρὸς
1081 981 1180 1052 μεγαλα
1199 967 1240 1034 καὶ
1257 980 1358 1051 μεγαλα
1376 980 1442 1050 πρὸς

339 1083 426 1154 μικρό·
447 1081 545 1150 κοιλίην
565 1082 611 1152 μὲν
629 1081 675 1150 τήν
691 1081 824 1154 μεγίστην,
843 1077 914 1134 ὕδατι
934 1080 1003 1154 ξηρῷ
1017 1080 1058 1133 καί
1082 1077 1214 1149 <πυρὶ>
1239 1077 1309 1150 ὑγρῷ
1328 1079 1442 1146 ταμεῖον,

341 1179 428 1234 δοῦναι
444 1181 512 1234 πᾶσι
533 1179 574 1233 καί
593 1181 685 1244 λαβεῖν
704 1179 774 1250 παρά
791 1179 900 1241 πάντων,
915 1176 1052 1245 θαλάσσης
1070 1173 1184 1245 δύναμιν,
1199 1173 1268 1250 ζῴων
1286 1175 1442 1246 συντρόφων

341 1278 441 1350 τροφὸν
459 1277 621 1347 ἀσυμφόρων
641 1275 669 1330 δι’
689 1273 797 1346 φθορόν·
822 1275 881 1346 περὶ
900 1273 929 1328 δὲ
948 1272 1041 1342 ταύτην
1060 1270 1151 1330 ὕδατος
1170 1272 1279 1344 ψυχροῦ
1300 1270 1341 1325 καὶ
1362 1272 1442 1344 ὑγροῦ

342 1373 481 1443 σύστασιν,
497 1373 612 1444 διέξοδον
631 1371 773 1442 πνεύματος
792 1373 900 1444 ψυχροῦ
920 1372 961 1425 καλ
981 1371 1085 1443 θερμοῦ,
1101 1370 1258 1441 ἀπομίμησιν
1277 1372 1326 1444 γῆς
1344 1371 1390 1437 τῆς
1408 1370 1443 1423 τὰ

299 1493 330 1530 10
341 1471 542 1526 ἀπεισπίπτοντα
564 1471 647 1526 πάντα
670 1468 834 1538 ἀλλοιούσης.
880 1469 1072 1539 καταναλίσκον,
1096 1468 1128 1522 τά
1152 1469 1180 1523 δὲ
1204 1467 1291 1538 αύξον,
1316 1468 1442 1524 σκέδασιν

341 1565 434 1625 ὕδατος
452 1571 549 1624 λεπτοῦ
570 1568 611 1621 καὶ
630 1567 712 1639 πυρὸς
730 1565 869 1635 ἐποιήσατο
890 1563 975 1639 ήερίου
995 1564 1107 1638 ἀφανέος
1128 1566 1169 1620 καί
1184 1568 1307 1638 φανεροῦ,
1322 1568 1374 1621 ἀπό
1394 1568 1441 1619 τοῦ

343 1669 529 1734 συνεστηκότος
548 1664 684 1737 ἀπόκρισιν
703 1663 730 1720 έν
750 1659 915 1738 ᾦφερόμενα
937 1657 1042 1740 [πάντα]
1064 1663 1091 1720 ές
1110 1664 1141 1719 τό
1162 1664 1274 1742 φανερόν
1294 1663 1443 1736 ἀφικνέεται

343 1763 440 1818 ἕκαστα
452 1763 527 1835 μοίρη
537 1761 696 1834 πεπρωμένη.
728 1762 756 1818 έν
769 1762 797 1817 δι’
811 1761 908 1822 τούτων
921 1759 1060 1831 ε’ποιήσατο
1072 1762 1103 1816 τό
1116 1765 1168 1834 πῦρ
1181 1762 1315 1833 περιόδους
1328 1763 1441 1834 τρισσὰς

343 1859 513 1932 περαινούσας
531 1863 597 1933 πρὸς
616 1859 733 1929 ἀλλήλας
753 1859 793 1914 καὶ
814 1857 878 1914 είσω
898 1860 940 1913 καὶ
960 1859 1018 1927 ἔξω·
1047 1859 1073 1912 αί
1092 1858 1140 1929 μέν
1158 1859 1223 1932 πρὸς
1241 1860 1274 1913 τά
1294 1861 1371 1914 κοῖλα
1390 1864 1442 1915 τῶν

301 1980 331 2032 15
344 1959 436 2030 ύγρῶν,
451 1957 559 2026 σελήνης
579 1956 692 2028 δύναμιν,
707 1958 734 2011 οί
754 1957 782 2012 δὲ
803 1957 829 2013 ἐς
849 1957 895 2025 τήν
915 1956 964 2024 ἔξω
985 1957 1131 2028 περιφορὰν
1146 1957 1212 2028 πρδς
1229 1959 1274 2012 τόν
1291 1956 1442 2030 περιέχοντα

343 2058 435 2128 πόγον,
459 2055 563 2128 όστρων
589 2054 702 2125 δύναμιν,
727 2057 753 2108 αί
780 2055 809 2109 δὲ
832 2054 911 2125 μέσαι
936 2055 977 2108 καὶ
999 2051 1063 2109 ε’ίσω
1087 2055 1129 2108 καί
1150 2053 1199 2121 ἔξω
1223 2055 1390 2127 περαίνουσαι
1411 2057 1442 2110 τό

344 2152 498 2225 θερμότατον
519 2154 559 2208 καὶ
579 2153 751 2226 ἰσχυρότατον
770 2155 831 2224 πῦρ,
845 2151 908 2224 όπερ
928 2153 1030 2208 πόντων
1047 2150 1146 2223 κρατέει
1160 2150 1248 2208 διέπον
1261 2151 1358 2208 ἕκαστα
1378 2154 1442 2207 κατά

343 2249 435 2323 φύσιν,
449 2251 551 2307 ἄθικτον
563 2252 605 2305 καί
618 2250 683 2323 ὄψει
693 2251 733 2304 καλ
743 2248 851 2322 ψαύσει·
870 2248 989 2324 ἐντούτῳ
1000 2247 1083 2321 ψυχή,
1099 2251 1164 2318 νόος,
1175 2249 1311 2320 φρόνησις,
1325 2253 1441 2321 αὔξησις,

345 2343 455 2426 [κίνησις
474 2348 579 2419 μείωσις
603 2341 750 2426 διάλλαξίς]
775 2346 861 2416 ὕπνος,
885 2347 1047 2421 ἐγρήγορσις·
1075 2349 1152 2400 τοῦτο
1175 2347 1257 2402 πάντα
1281 2347 1323 2403 διά
1347 2350 1442 2406 παντὸς

301 2469 332 2506 20
345 2448 455 2518 κυβερνᾷ
468 2447 509 2500 καί
522 2446 582 2500 τάδε
596 2446 636 2500 καί
650 2447 738 2516 έκεῖνο,
757 2445 874 2500 οὐδέκοτε
887 2447 1025 2518 ἀτρεμίζον.

385 2559 429 2600 xl.
452 2545 483 2598 01
497 2542 524 2596 δέ
542 2542 671 2614 ἅνθρωποι
689 2544 717 2597 έκ
730 2548 781 2598 τῶν
794 2544 913 2616 φανερῶν
925 2546 957 2599 τά
971 2545 1071 2617 ἀφανέα
1085 2546 1244 2602 σκέπτεσθαι
1258 2545 1303 2599 ούκ
1319 2544 1441 2600 ε’πίσταν-

343 2662 393 2695 ται.
409 2640 528 2714 γτέχνησι
554 2642 604 2714 γάρ
628 2643 761 2713 χρεόμενοι
784 2641 902 2711 ὁμοίησιν
925 2641 1068 2715 ἀνθρωπίνη
1092 2642 1174 2716 φύσει
1202 2645 1233 2698 ού
1260 2645 1441 2717 γινόσκουσιν.

343 2739 408 2794 θεῶν
424 2739 474 2810 γάρ
493 2742 550 2796 νόος
568 2739 669 2807 ἐδίδαξε
686 2738 823 2810 μιμέεσθαι
841 2739 874 2793 τά
891 2741 992 2794 ἑωυτῶν
1008 2743 1181 2813 γινώσκοντας
1194 2739 1211 2794 ἀ
1224 2740 1343 2796 ποιέουσι
1356 2742 1397 2794 καὶ
1411 2741 1443 2794 ού

341 2837 513 2908 γινόσκοντας
537 2835 553 2890 ό
574 2837 711 2905 μιμέονται.
754 2837 837 2892 πάντα
857 2838 908 2909 γὰρ
932 2837 1006 2908 ὅμοια
1030 2838 1137 2908 ἀνόμοια
1160 2839 1234 2895 ε’όντα
1255 2839 1296 2893 καὶ
1316 2837 1444 2910 σύμφορα

300 2957 329 3008 25
342 2935 424 2990 πόντα
438 2933 550 3006 διάφορα
564 2936 644 2988 ἐόντα·
664 2933 829 3006 διαλεγόμενο
842 2935 872 2988 οῦ
886 2935 1061 3008 διαλεγόμενα·
1080 2940 1181 3009 γνώμην
1194 2938 1287 3008 ἔχοντα
1300 2936 1441 3009 ἀγνώμονα·

342 3032 490 3088 ὑπεναντίος
511 3031 546 3087 διν
566 3034 686 3104 ὁτρόπος
710 3033 825 3087 έκόστων
847 3031 1059 3104 ὁμολογούμενος.
1112 3038 1188 3106 νόμος
1214 3036 1265 3107 γὰρ
1293 3035 1333 3089 καὶ
1360 3032 1444 3106 φύσις

342 3125 397 3184 οίσι
423 3131 505 3186 πάντα
532 3129 745 3202 διαπρησσόμεθα
779 3131 829 3202 ούχ
856 3131 1022 3204 ὁμολογέεται
1049 3133 1249 3206 ὁμολογούμενα·
1285 3136 1362 3202 νόμον
1395 3132 1443 3203 μέν

341 3227 470 3300 ἀνθρωποι
483 3228 576 3283 ἔθεσαν
593 3228 665 3283 αὐτοὶ
684 3229 824 3297 έιυυτοῖσιν,
839 3229 869 3282 ού
887 3231 1057 3300 γινώσκοντες
1074 3231 1133 3303 περὶ
1152 3231 1187 3286 ὧν
1200 3231 1301 3299 ἔθεσαν,
1317 3229 1400 3302 φύσιν
1413 3230 1442 3284 δὲ

341 3326 443 3380 πάντων
463 3325 517 3379 θεοί
536 3327 717 3396 διεκόσμησαν.
758 3326 790 3380 τά
810 3326 857 3395 μέν
877 3323 921 3381 οῦν
939 3326 1067 3397 ἅνθρωποι
1090 3328 1210 3384 διέθεσαν
1234 3329 1352 3383 οὐδέκοτε
1378 3330 1442 3384 κατὰ

298 3446 330 3494 30
341 3423 423 3478 τωύτό
441 3423 497 3494 ἔχει
515 3426 573 3478 οὔτε
592 3422 674 3495 ὀρθῶς
693 3426 752 3476 οὔτε
769 3422 804 3493 μή
823 3422 913 3494 ὀρθῶς·
936 3427 1019 3478 όκόσα
1038 3425 1067 3479 δέ
1088 3426 1142 3480 θεοὶ
1162 3425 1281 3482 διέθεσαν
1295 3426 1343 3481 οἶεὶ
1358 3425 1442 3498 ὀρθῶς

341 3519 404 3590 ἔχει,
419 3523 460 3574 καὶ
473 3519 505 3574 τά
519 3521 584 3592 ὀρθὰ
597 3521 638 3574 καὶ
651 3519 683 3574 τά
697 3520 731 3590 μή
746 3519 818 3592 ἀρθό.
860 3525 988 3578 τοσοῦτον
1001 3523 1127 3596 διαφέρει.

382 3631 437 3673 xn.
467 3617 536 3690 Ἐγὼ
564 3618 592 3672 δὲ
620 3619 730 3686 δηλάισω
757 3619 847 3689 τέχνας
874 3620 988 3691 φανεράς
1017 3620 1152 3692 ἀνθρώπου
1180 3621 1327 3692 παθήμασιν
1353 3622 1443 3693 ὁμοίας

342 3711 436 3770 ἐούσας
456 3715 497 3768 καὶ
511 3715 648 3787 φανεροῖσι
669 3717 710 3770 καί
728 3715 848 3788 ἀφανέσι.
900 3716 1004 3787 μαντική
1023 3719 1129 3773 τοιόνδε·
1152 3721 1222 3773 τοῖσι
1240 3720 1287 3790 μὲν
1305 3721 1443 3792 φανεροῖσι

377 3874 571 3938 Ιβιαζομίνουθ
606 3884 617 3942 ΙΙ
652 3873 976 3940 656anozom.11vu1g.
1011 3883 1022 3938 ΙΙ
1059 3878 1268 3944 ησοντρόφυνθε
1287 3879 1443 3945 ίντρόφοννῐι

341 3955 410 4018 vulg.
446 3959 457 4014 ΙΙ
491 3953 571 4019 9γῆι
591 3954 645 4020 τῆς]
667 3955 710 4016 τῆτ
729 3954 774 4017 γῆν
793 3954 815 4003 L
834 3955 920 4020 vulg.·
945 3955 1024 4018 γῆιθ
1059 3963 1068 4017 ΙΙ
1106 3972 1136 4008 10
1156 3957 1393 4017 καταναλίσκον,τά
1416 3959 1444 4008 δὲ

340 4033 444 4097 scripsi:
466 4031 676 4082 καταναλίσκοντα
692 4031 719 4080 δὲ
736 4033 821 4096 vulg.:
845 4033 1023 4083 καταναλίσκον
1039 4034 1066 4084 δὲ
1082 4034 1161 4085 καίΙ.
1196 4041 1206 4096 ΙΙ
1243 4051 1272 4101 15
1295 4037 1389 4087 τούτων
1409 4037 1443 4088 0:

340 4109 531 4180 robvavulg.
556 4115 567 4170 ΙΙ
591 4109 621 4159 τδ
632 4111 677 4174 πῦρ
686 4111 817 4175 Bernays:
835 4110 1020 4177 uvpaahvulg.
1045 4118 1055 4172 ΙΙ
1082 4112 1217 4178 Ιηκρατίει
1230 4112 1259 4164 0:
1278 4116 1444 4180 ίπινιροτίεται

340 4187 448 4252 Lvulg.
484 4193 493 4248 ΙΙ
529 4187 621 4238 Ιίιιαστα
642 4186 673 4238 θι
702 4186 796 4237 ἅπαντα
817 4188 841 4237 L
862 4189 930 4253 vulg.
966 4196 975 4250 ΙΙ
1013 4192 1043 4239 18
1065 4190 1162 4241 όθικτον
1185 4193 1272 4257 scripsi
1296 4196 1444 4258 (praeeunte

340 4266 483 4330 Bernaysio,
500 4266 544 4330 qui
558 4271 644 4315 tamen
659 4264 785 4331 ἄψαυστον
799 4267 908 4329 mavult)
922 4285 927 4316 :
950 4265 1049 4317 όοικτον
1065 4266 1093 4318 0:
1110 4267 1195 4319 όίκτον
1210 4270 1232 4319 L
1249 4272 1329 4322 conia
1346 4270 1443 4337 όψοφον

340 4343 408 4406 vulg.
444 4348 453 4402 ΙΙ
491 4343 521 4392 26
538 4342 676 4392 ὑπεναντίοι
695 4341 728 4393 ἀν
745 4344 880 4394 schuster:
907 4343 1045 4394 ύπεναντίοτ
1062 4344 1117 4407 L0;
1142 4347 1326 4398 ῦπεναντίοννΕ
1363 4357 1373 4411 ΙΙ
1412 4360 1443 4414 ²7

340 4418 529 4486 uionvulga
547 4419 637 4484 γάρῙ.’
664 4427 674 4481 ΙΙ
709 4437 740 4486 α9
758 4419 885 4486 vdvulg.:
904 4421 953 4472 aL
989 4431 998 4486 ΙΙ
1035 4423 1188 4476 mommo:
1206 4424 1327 4476 ίθεσανῙι
1361 4431 1371 4485 ΙΙ
1411 4442 1444 4490 30

340 4496 449 4546 διέθεσαν
461 4495 490 4548 θε
509 4496 596 4547 ίθεσαν
607 4498 629 4547 L
675 4503 685 4557 11
722 4513 752 4562 33
763 4497 808 4558 μὶν
820 4514 868 4548 om.
881 4500 903 4548 L
