3252 5174
634 449 712 500 ΠΕΡΙ
734 452 868 502 ΦΥΣΕΩΣ.

699 635 809 700 XLII.

198 751 428 837 ίΠοταμοΐσι
464 765 556 826 τοῖσι
588 759 718 829 αάτοῐσι
752 761 965 849 ἐμβαίνουσιν
994 764 1091 861 ἔτερα
1120 762 1173 833 καί
1203 764 1300 860 ἔτερα

194 863 298 938 όθατα
320 868 448 964 ἐπιρρεῖ
458 872 485 942 i.

344 1031 348 1036 ,
684 967 815 1036 XLIII.
1302 1025 1315 1044 1

239 1076 427 1143 Aristoteles
445 1079 523 1147 Eth.
541 1081 625 1147 Eud.
644 1083 699 1147 vii.
721 1104 749 1162 Ι,
764 1107 795 1168 Ρ.
814 1097 898 1171 1235
918 1109 938 1150 a
953 1087 1014 1153 26:
1039 1087 1086 1151 καὶ
1103 1085 1300 1169 Ἡράκλειτος

196 1182 314 1265 ἐπιτιμᾷ
329 1183 367 1268 τῷ
384 1183 550 1263 ποιήσαντι·
575 1187 613 1253 ὡς
634 1187 694 1268 ἔρις
710 1189 742 1252 ἔκ
758 1213 791 1252 τε
811 1193 887 1252 θεῶν
906 1191 953 1254 καὶ
969 1192 1131 1271 ἀνθρώπων
1146 1193 1297 1256 ἀπόλοιτο·

198 1284 304 1367 οὐγὰρ
320 1285 356 1350 θν
375 1285 450 1351 εἶναι
470 1287 611 1368 ἁρμονίαν
623 1290 664 1370 μὴ
680 1293 764 1359 όντος
786 1291 870 1370 ὀξέος
893 1295 940 1356 καὶ
963 1292 1082 1376 βαρέος,
1098 1295 1167 1359 οὐδὲ
1187 1295 1299 1380 τὰζῷα

198 1387 266 1452 ἀνευ
281 1387 387 1468 θήλεος
403 1390 450 1453 καὶ
465 1391 594 1472 ἄρρενος,
613 1395 754 1458 ἐναντίων
770 1397 872 1462 όντων.

196 1596 311 1665 ποταμόν
324 1596 362 1652 δίς
374 1596 408 1666 μή
427 1597 458 1651 θν
474 1597 590 1668 ἐμβῆναι,
602 1602 637 1673 τῷ
652 1599 781 1671 ε’νθελεχεῖ
797 1606 843 1657 τοῦ
861 1607 979 1669 ποταμοῦ
992 1602 1039 1675 ῥοῇ
1054 1603 1101 1673 τήν
1112 1603 1215 1675 γε’νεσιν
1227 1603 1299 1659 ἀπει-

195 1691 335 1760 κόζωμί.
359 1694 461 1766 308b:
487 1696 546 1752 τοὺς
567 1699 626 1769 περὶ
645 1696 814 1770 Ἠράκλειτον
834 1703 1014 1774 φυσιολόγους
1036 1742 1042 1755 .
1066 1742 1072 1757 .
1095 1743 1101 1754 .
1125 1742 1133 1758 .
1155 1701 1220 1757 είκός
1240 1701 1298 1756 ε’στι

196 1791 281 1864 λε’γειν
295 1790 334 1846 ὅτι
348 1791 387 1846 ἀεὶ
400 1794 483 1848 πάντα
496 1794 538 1866 ρεἳ
550 1795 590 1848 καί
604 1793 643 1848 ότι
657 1795 693 1852 είς
705 1798 750 1851 τὸν
763 1799 839 1852 αὐτὸν
851 1801 966 1868 ποταμὸν
980 1799 1019 1856 δίς
1032 1800 1078 1853 οὐκ
1092 1799 1123 1853 θν
1137 1799 1299 1869 ἐμβαίης.-

195 1885 362 1962 *Gecrgius
377 1888 565 1964 Pachymeres
581 1889 658 1948 Hist.
674 1911 701 1949 v.
719 1912 775 1966 23²
792 1892 818 1949 B
834 1895 882 1968 (ex
899 1893 1021 1952 Aristot.
1036 1894 1055 1952 l.
1066 1892 1108 1973 1.).
1123 1895 1267 1971 Βονααγς.

236 1998 310 2039 11111.
332 1980 424 2041 Arius
445 1981 590 2060 Didymus
611 2003 656 2060 ap.
672 1985 776 2044 Euseb.
796 1985 829 2045 P.
846 1987 882 2044 E.
900 2007 947 2048 xv.
970 2007 1014 2058 20,
1036 2007 1065 2064 p.
1085 1992 1161 2046 821:
1190 1992 1248 2062 περὶ
1269 1990 1297 2044 δὲ

196 2082 286 2153 ψυχῆς
299 2082 430 2151 Κλεάνθης
443 2084 490 2152 μὲν
503 2083 536 2137 τὰ
551 2081 664 2152 Ζήνωνος
680 2084 793 2158 δόγματα
811 2087 1009 2160 παρατιθέμενος
1021 2089 1086 2159 πρὸς
1102 2087 1241 2160 σύγκρισιν
1252 2088 1298 2158 τήν

196 2180 260 2250 πρὸς
278 2179 339 2236 τοὺς
354 2179 451 2236 ἄλλους
471 2179 599 2251 φυσικούς
618 2183 709 2253 φησιν,
733 2182 772 2237 ότι
793 2182 878 2253 Ζήνων
890 2185 936 2254 τήν
948 2184 1039 2256 ψυχήν
1057 2185 1129 2257 λε’γει
1149 2186 1298 2256 αίσθητικήν

197 2271 331 2354 [α’ίσθησιν
351 2276 366 2347 ἢ
387 2275 467 2354 vulg.
484 2297 556 2335 corr.
571 2274 788 2360 Wellmannus]
806 2282 981 2353 ἀναθυμίασιν,
996 2284 1107 2356 καθάπερ
1120 2283 1296 2354 Ἡράκλειτος*

192 2377 349 2446 βουλόμενος
361 2376 411 2448 γάρ
425 2377 565 2448 ἐμφανίσαι
586 2376 624 2431 ότι
646 2381 671 2432 αί
691 2380 778 2450 ψυχαί
798 2379 998 2450 ἀναθυμιώμεναι
1014 2381 1098 2455 νοεραί
1117 2382 1156 2436 ἀεὶ
1176 2381 1296 2454 γίνονται,

196 2470 297 2528 ε’ίκασεν
310 2474 387 2530 αιἰτάς
401 2477 455 2530 τοῖς
467 2478 591 2544 ποταμοῖς
605 2475 689 2548 λε’γων
701 2474 790 2533 οὕτως·
819 2481 964 2548 Παταμοῐσι
978 2480 1063 2533 τοῖσιν
1076 2479 1192 2534 αὐτοῖσιν
1205 2477 1296 2546 ε’μβαί-

195 2595 285 2628 νουσιν
298 2572 371 2646 ἕτερα
390 2575 430 2628 καὶ
447 2573 520 2646 ἔτερα
536 2571 614 2628 ὕδατα
633 2575 740 2646 ε’πιρρεῖ·
768 2577 808 2630 καὶ
822 2576 910 2647 ψυχαί
929 2576 958 2629 δὲ
976 2576 1026 2631 ἀπό
1040 2581 1091 2630 τῶν
1105 2577 1189 2648 ὑγρῶν
1202 2576 1296 2632 ἀναθυ-

194 2675 306 2740 μιῶνται.
348 2670 516 2741 ἀναθυμίασιν
535 2672 583 2741 μὲν
603 2669 648 2725 σόν
668 2672 761 2741 ὁμοίως
780 2676 817 2746 τῷ
833 2671 993 2746 Ἡρακλείτῳ
1016 2670 1103 2744 (conf.
1118 2667 1244 2730 Aristol.
1260 2672 1296 2730 de

194 2765 303 2826 Anima
316 2765 334 2825 i.
353 2787 379 2834 2,
394 2787 422 2844 p.
439 2781 527 2842 405a
545 2765 596 2846 25)
610 2770 656 2840 τήν
675 2770 766 2844 ψυχήν
786 2770 926 2841 ἀποφαίνει
946 2769 1032 2839 Ζήνων
1052 2765 1109 2846 (est
1130 2767 1221 2845 igilur
1241 2767 1296 2828 hoc

194 2863 305 2923 dictum
324 2864 434 2923 Zenoni
454 2865 651 2936 tribuendum,
667 2865 777 2924 scilieet
791 2864 957 2923 Heraclitea
969 2865 1059 2923 verba
1079 2864 1169 2923 libere
1191 2865 1296 2925 citanti

193 2961 280 3040 inque
299 2983 384 3022 suum
398 2983 483 3022 usum
501 2962 866 3043 accommodantil—Oonf.
883 2963 989 3022 Sextus
1011 2963 1095 3040 Emp.
1111 2962 1213 3040 Pymh.
1227 2963 1294 3042 hyp.

193 3061 234 3120 lii.
253 3076 327 3136 115:
356 3066 467 3135 τὸνμὲν
486 3066 613 3120 Πλάτωνα
633 3065 696 3135 μηδὲ
717 3064 779 3119 ὄντα
798 3063 884 3136 λέγειν
903 3064 935 3118 τὰ
956 3066 1066 3134 σώματα
1085 3064 1155 3119 ἀλλά
1175 3068 1295 3137 γινόμενα
1341 3045 1344 3052 .

192 3164 293 3230 μᾶλλον
306 3165 399 3228 καλεῖν,
413 3166 459 3218 τόν
472 3163 500 3218 δὲ
512 3163 680 3235 Ἡράκλειτον
700 3159 770 3234 ὀξείᾳ
790 3166 907 3232 ποταμοῦ
927 3160 1001 3234 ῥύσει
1021 3162 1067 3231 τήν
1087 3163 1230 3232 εὖκινήσίαν
1250 3167 1296 3234 τῆς

193 3259 316 3333 ἡμετέρας
330 3258 392 3330 ὕλης
406 3261 555 3327 ἀπεικάζειν.

235 3372 323 3414 111111.
354 3355 528 3415 Plutarchus
553 3357 588 3416 de
612 3356 693 3416 Iside
718 3360 765 3430 48,
791 3378 818 3435 p.
845 3371 904 3433 370
928 3355 977 3436 (ad
1002 3357 1037 3416 fr.
1063 3357 1163 3416 XLIV
1188 3357 1294 3438 cit.)-

194 3451 361 3513 chalcidius
381 3454 413 3512 in
427 3455 503 3513 Tim.
522 3470 598 3532 295:
625 3456 789 3516 Numenius
810 3456 911 3515 laudat
931 3455 1117 3514 Heraclitum
1138 3455 1293 3532 reprehen-

192 3551 308 3610 dentem
334 3553 494 3612 Homerum
522 3554 573 3631 qui
603 3554 748 3630 optaverit
776 3553 928 3614 interitum
956 3575 990 3613 ac
1013 3553 1181 3612 vastitatem
1208 3554 1293 3615 malis

192 3647 279 3722 vitae,
289 3651 367 3728 quod
381 3672 440 3710 non
455 3652 629 3728 intelligeret
643 3651 784 3710 mundum
800 3652 855 3711 sibi
865 3651 956 3710 deleri
968 3651 1293 3729 placere-Simplicius

191 3746 223 3804 in
236 3746 331 3807 Arist.
346 3749 445 3827 Categ.
462 3770 491 3826 p.
510 3770 566 3823 104
581 3761 604 3807 Δ
618 3750 663 3810 ed.
678 3749 762 3808 Basil.
780 3747 940 3830 (=Scholl.
955 3750 986 3807 in
1000 3748 1126 3810 Aristct.
1141 3753 1207 3809 881>
1224 3749 1292 3830 28):

190 3849 221 3901 οὐ
235 3847 438 3920 συγχωρήσουσι
453 3851 480 3904 ee*
495 3850 554 3904 ὅσοι
574 3849 693 3905 τάναντία
713 3852 794 3923 ἀρχὰς
814 3850 910 3914 ἔθεντο,
924 3848 951 3905 oi
967 3874 995 3905 τε
1015 3851 1092 3914 ἄλλοι
1112 3853 1152 3905 καὶ
1173 3853 1198 3905 οί
1210 3851 1291 3924 Ἦρα-

190 3946 316 4000 κλείτειοι·
346 3947 368 4000 εί
388 3948 438 4018 γὰρ
456 3948 486 4000 τό
503 3947 588 4020 ἕτερον
600 3953 651 4002 τῶν
664 3948 781 4003 ε’ναντίων
794 3948 934 4020 ἐπιλείψει,
949 3946 1046 4021 α’ίχαιτο
1059 3949 1091 4003 ἀν
1103 3950 1185 4003 πάντα
1198 3949 1291 4020 ἀφανι-

191 4043 293 4100 σθέντα.
336 4043 375 4098 διὸ
386 4046 426 4098 καὶ
433 4044 561 4116 με’μφεται
571 4049 607 4119 τῷ
620 4044 723 4120 Ὁμήρῳ
732 4045 901 4117 Ἡράκλειτος
911 4047 1013 4101 εἰπόντι·
1036 4047 1069 4102 ὧς
1082 4046 1134 4117 ἔρις
1145 4046 1172 4100 ίκ
1185 4069 1213 4100 τε
1228 4047 1292 4102 θεῶν

191 4142 218 4195 ἔκ
231 4142 254 4196 τ’
268 4141 407 4214 ἀνθρώπων
420 4142 552 4198 ἀπόλοιτο·
574 4140 727 4213 οἶχήσεσθαι
746 4144 796 4216 γάρ
813 4145 882 4214 φησι
899 4140 1117 4200 πάντα-θολοί.
1132 4141 1204 4200 Ven.
1224 4139 1290 4220 (A.)

190 4237 227 4295 ad
241 4237 280 4296 Il.
292 4236 372 4296 xviii.
392 4250 467 4313 107:
489 4238 656 4312 Ἡράκλειτος
674 4240 720 4309 τήν
739 4245 790 4294 τῶν
807 4240 886 4294 όντων
904 4239 987 4310 φύσιν
1000 4240 1052 4295 κατ’
1067 4242 1121 4312 ἔριν
1138 4243 1291 4316 σρνεστιίναι

191 4339 297 4408 νομίζων
312 4339 441 4410 μέμφεται
452 4337 575 4411 Ὀμήρου,
590 4336 723 4410 σύγχυσιν
741 4340 839 4407 κόσμου
860 4338 940 4391 δοκῶν
958 4340 1034 4393 αὐτὸν
1054 4339 1184 4410 εὔχεσθαι.
1226 4341 1291 4411 πρὸς

191 4432 220 4488 ἀν
240 4435 271 4490 ἀν
287 4459 327 4493 τις
347 4433 413 4492 ε’ίποι
434 4434 473 4491 ότι
494 4436 523 4491 οὗ
545 4435 615 4508 λέγει
636 4438 680 4488 νῦν
700 4434 745 4504 τήν
765 4434 911 4489 ε’ναντίωσιν
928 4436 981 4508 ἔριν
1001 4436 1070 4490 ἀλλὰ
1089 4437 1135 4506 τήν
1155 4435 1291 4508 ἔχθραν-

191 4529 363 4590 Eustathius
384 4531 421 4590 ad
441 4531 477 4591 Il.
499 4531 580 4592 xviii.
599 4543 664 4605 107,
685 4550 713 4608 p.
733 4549 820 4606 1133,
836 4533 892 4606 56:
924 4533 963 4588 διὸ
984 4535 1009 4588 ot
1028 4535 1133 4592 παλαιοί
1153 4537 1237 4607 φασιν
1256 4536 1291 4597 ὡς

731 4646 750 4694 0
