3252 5174
647 440 829 486 enarrarre.
1242 412 1288 475 vii

187 615 328 687 tanquam
342 608 487 686 specimen
501 610 553 689 qui
567 611 626 669 sint
639 611 787 689 praecipui
797 611 937 672 Vitamm
951 609 1062 668 codices
1071 608 1090 667 ³.
1125 607 1163 664 In
1176 603 1288 678 reliqua

188 705 359 784 Appendice
387 707 528 766 nonnulla
553 708 620 766 dedi
641 729 713 785 quae
740 708 884 767 rationem
912 707 1107 767 Heracliteam
1131 702 1287 770 illustrant,

187 805 318 883 profecta
331 805 441 864 scilicet
455 806 492 864 ab
506 805 710 866 imitatoribus,
744 807 791 864 Ex
805 806 900 884 primo
914 807 951 864 de
965 805 1070 864 Diaeta
1082 803 1158 862 libro
1172 800 1288 875 Hippo·

189 907 286 963 cretea
301 903 431 981 excerpsi
454 907 527 980 quot
549 904 587 963 ad
608 911 735 962 mentem
757 903 901 963 Heracliti
922 904 1054 963 accedere
1075 899 1194 979 propius
1210 896 1289 954 vide-

188 1001 303 1073 bantur,
318 1001 441 1077 ideoque
461 1001 499 1059 ad
517 1001 680 1077 fragmenta
699 1001 895 1060 confirmanda
912 1002 1032 1060 fortasse
1053 998 1150 1069 etiam,
1168 996 1193 1054 si
1212 999 1289 1054 recte

190 1096 292 1168 utaris,
311 1096 472 1174 supplenda
489 1097 621 1156 adhiberi
640 1103 776 1176 possunt;
799 1119 867 1157 nam
884 1098 1006 1175 vestigia
1023 1091 1222 1154 Heraclitismi
1242 1089 1290 1148 hio

190 1195 281 1254 latere
299 1194 505 1254 animadvertit
521 1195 580 1253 iam
599 1195 697 1271 priore
717 1197 829 1255 saeculo
848 1197 874 1254 Ι.
889 1195 931 1255 Μ.
945 1195 1064 1266 Gesner,
1081 1213 1115 1252 ac
1134 1210 1198 1250 rem
1218 1187 1291 1245 mire

191 1313 209 1351 a
233 1292 493 1352 Schleiermaohero
521 1293 682 1370 neglectam
709 1294 817 1352 iterum
844 1295 951 1353 nostris
978 1291 1157 1370 temporibus
1184 1285 1291 1346 eximia

191 1412 249 1469 qua
262 1391 353 1468 pollet
367 1390 509 1468 elegantia
523 1397 552 1450 et
566 1391 730 1452 subtilitate
744 1393 955 1452 demonstrarit
969 1388 1150 1466 Bernaysius.
1193 1385 1292 1442 Inesse

192 1509 277 1548 cerno
302 1489 334 1546 in
355 1488 413 1548 ista
437 1488 582 1566 farragine
606 1491 746 1548 nonnulla
771 1491 889 1567 quidem
913 1490 1029 1549 aliunde
1054 1489 1206 1562 desumpta
1214 1485 1234 1554 ⁴,
1255 1481 1292 1539 de

194 1607 306 1647 summa
319 1591 418 1646 tamen
431 1607 463 1646 re
477 1608 537 1645 non
550 1592 595 1646 est
608 1589 687 1664 quod
700 1588 785 1648 hodie
797 1589 983 1665 disceptetur.
1012 1585 1174 1662 Excipiunt
1181 1581 1292 1657 Hippo·

192 1692 287 1745 oratea
301 1684 433 1760 Scythini
446 1704 547 1744 versus
562 1685 741 1762 Lucianique
759 1686 880 1763 parodia
894 1707 900 1745 :
923 1685 1031 1763 quippe
1044 1690 1074 1742 et
1089 1679 1244 1758 Scythinus
1261 1675 1293 1734 in

192 1782 284 1842 altero
306 1783 408 1841 saltem
428 1782 592 1858 fragmento
612 1785 793 1860 apertissime
809 1785 1019 1855 Heraclitissat‚
1035 1789 1064 1841 et
1078 1780 1223 1839 Lucianus
1237 1775 1294 1834 ioci

193 1900 280 1941 causa
306 1881 392 1957 plura
419 1880 532 1940 disiecti
560 1882 726 1958 philosophi
751 1884 883 1941 membra
911 1883 942 1940 in
964 1901 1055 1940 unum
1079 1876 1233 1955 compegit,
1258 1893 1294 1932 ex

194 1980 353 2056 interprete
368 1977 495 2060 (opinor)
510 1987 614 2038 cuncta
627 1987 788 2052 mutuatus,
804 1982 854 2039 sed
867 1985 928 2040 tam
942 1981 1034 2039 faceta
1048 1999 1079 2037 re
1094 1998 1127 2037 ac
1141 1977 1216 2036 salsa
1230 1973 1295 2052 quis

195 2098 253 2136 non
268 2097 352 2154 aegre
365 2077 442 2136 inter
456 2077 622 2136 Heraclitea
641 2078 788 2137 carueritl
829 2079 874 2137 De
885 2078 1025 2156 Epistolis
1038 2081 1106 2153 post
1119 2078 1294 2134 commenta-

197 2174 308 2234 tionem
335 2174 488 2252 Bernaysii
515 2175 654 2235 disserere
685 2196 896 2254 supervacuum
924 2183 990 2235 est:
1026 2175 1086 2234 sive
1114 2177 1182 2232 sunt
1209 2170 1296 2228 unius

194 2271 304 2332 falsarii
331 2294 404 2351 opus
432 2274 493 2332 sive
516 2273 645 2351 plurium
668 2273 756 2354 (quod
784 2275 858 2333 mihi
880 2275 1011 2334 nondum
1035 2269 1148 2350 liquet),
1171 2270 1241 2328 licet
1264 2267 1295 2324 in

195 2371 340 2448 plerisque
355 2377 501 2430 auctorem
520 2372 733 2450 deprehendere
749 2373 839 2450 primi
858 2375 918 2432 fere
939 2380 1006 2450 post
1021 2371 1172 2430 Christum
1192 2366 1297 2427 soeculi

196 2470 365 2545 sophistam,
379 2469 486 2529 veteris
501 2469 678 2529 Testamenti
692 2491 750 2530 nou
763 2492 882 2548 prorsus
904 2471 1046 2547 ignarum,
1061 2468 1174 2528 Stoicae
1191 2464 1297 2524 ethices

196 2568 383 2639 adsertorem,
399 2567 446 2626 cui
468 2568 565 2627 aditus
586 2569 675 2628 fuerit
695 2569 741 2628 vel
762 2570 799 2627 ad
819 2569 967 2646 integrum
985 2572 1044 2643 περὶ
1064 2567 1171 2643 φύσεως
1190 2565 1298 2623 librum

196 2667 243 2726 vel
270 2666 308 2724 ad
334 2665 483 2724 luculenta
509 2665 691 2725 Heracliteae
719 2667 868 2725 doctrinae
893 2667 1057 2736 summaria,
1082 2664 1179 2742 qualia
1205 2662 1298 2720 multa

198 2783 232 2823 ea
251 2769 346 2823 aetate
360 2763 491 2822 extitisse
508 2764 678 2823 oredimus⁵.
722 2765 781 2838 Qui
797 2766 882 2842 plura
898 2766 935 2824 de
953 2764 1089 2824 universa
1101 2761 1298 2839 Epistolarum

197 2861 310 2922 ratione
325 2861 478 2933 desiderat,
494 2862 579 2920 adeat
593 2862 743 2938 Bernaysii
758 2864 923 2922 editionem.

240 2959 284 3018 De
299 2959 356 3018 fide
370 2959 599 3036 fragmentorum
617 2960 727 3037 duplici
749 2961 835 3019 modo
856 2961 1040 3038 disputatur:
1063 2978 1131 3017 nam
1145 2964 1213 3016 sunt
1226 2975 1299 3033 quae

198 3055 352 3116 Heraclito
369 3057 419 3115 alii
434 3057 583 3117 vindicant
602 3059 770 3118 abiudieant
785 3060 884 3118 eadem
897 3079 1013 3137 prorsus
1031 3058 1082 3118 alii
1089 3078 1097 3131 ;
1120 3063 1188 3117 suut
1201 3063 1300 3115 autem

198 3155 295 3231 plures
323 3154 433 3234 alioqui
457 3159 552 3214 certae
580 3176 612 3214 ac
640 3162 763 3216 testatae
790 3158 946 3216 admodum
968 3157 1107 3233 reliquiae
1130 3155 1166 3213 de
1193 3153 1300 3231 quibus
1408 3197 1414 3213 1

199 3251 359 3330 disquirere
386 3253 454 3312 lieet
481 3260 582 3312 utrum
606 3274 675 3312 vera
699 3255 838 3313 orationis
867 3255 969 3326 forma,
994 3274 1032 3312 au
1059 3252 1192 3312 veritatis
1217 3250 1301 3327 quasi

200 3350 341 3427 quaedam
373 3350 468 3429 imago
500 3353 550 3410 sed
582 3352 736 3411 immutata
765 3357 795 3410 et
826 3352 949 3410 distorta
979 3352 1016 3410 ad
1048 3371 1098 3409 uos
1129 3348 1300 3427 pervenerit.

201 3445 287 3520 Quod
301 3446 338 3505 ad
351 3446 432 3524 prius
446 3467 537 3525 genus
552 3448 762 3507 controversiae
777 3447 898 3519 adtinet,
909 3448 1079 3524 gravissima
1090 3447 1182 3505 oritur
1192 3445 1301 3502 dissen-

200 3543 290 3602 sionis
310 3565 396 3604 causa
412 3565 449 3604 ex
468 3551 537 3604 nota
557 3546 726 3605 confusione
747 3546 917 3605 nominum:
939 3545 1107 3605 Heraclitus
1121 3543 1199 3603 enirn
1212 3543 1301 3601 inter-

200 3642 271 3701 dum
285 3644 363 3720 apud
376 3643 512 3720 antiquos
531 3652 709 3703 memoratur
728 3645 780 3703 ubi
796 3645 969 3704 contendere
987 3644 1080 3721 possis
1096 3648 1252 3702 autunum
1266 3661 1302 3699 ex

234 3825 244 3854 ⁸
260 3825 360 3874 Vallem
376 3843 408 3876 ax
424 3827 509 3875 codice
525 3827 667 3876 Burbouico
681 3827 756 3890 plura
771 3827 882 3891 potuisse
897 3827 1001 3889 adferre,
1017 3828 1058 3876 cui
1074 3828 1220 3892 primarium
1238 3828 1304 3876 inter

202 3903 299 3952 codices
315 3903 412 3952 Laertii
428 3905 511 3953 locum
528 3905 618 3953 tribuit
635 3905 678 3953 Fr.
690 3905 834 3963 Nietzsohe,
852 3906 968 3970 Beitrhge
984 3922 1029 3954 zur
1045 3905 1235 3964 Quelleukuude
1252 3906 1304 3953 und

204 3980 295 4028 Kritik
307 3981 351 4029 des
363 3982 480 4031 Laertius
491 3983 634 4046 Diogenes:
652 3983 728 4031 Basil.
742 3985 813 4046 1870.

234 4056 244 4085 ⁴
261 4057 293 4107 In
301 4058 335 4107 iv.
344 4059 446 4122 quidem
455 4075 509 4124 cap.
519 4053 747 4124 Hippocrateor'um
755 4066 782 4109 et
791 4063 959 4125 Anaxagorae
970 4065 995 4109 et
1004 4061 1170 4124 Empedoclea
1180 4060 1305 4123 quaedam

201 4135 304 4196 insunt;
330 4137 395 4185 coni.
413 4137 489 4186 etiam
507 4138 649 4186 Parmenid.
666 4155 691 4187 v.
708 4138 740 4202 67
764 4139 802 4187 ed.
818 4139 906 4206 Steina
932 4139 999 4187 locos
1012 4137 1144 4202 parallelos
1160 4153 1306 4187 enumerare

203 4214 352 4276 supersedeo
364 4215 424 4277 quia
435 4230 488 4263 rem
499 4215 578 4264 fusius
588 4231 656 4263 nunc
668 4220 803 4264 tractatam
815 4217 887 4264 video
901 4231 916 4264 1
927 4216 1023 4264 Zellero
1034 4220 1054 4264 t.
1065 4215 1082 4264 i.
1093 4231 1118 4278 p.
1131 4214 1178 4277 ⁶³5
1190 4216 1306 4264 editionis

203 4295 318 4353 quartae.

235 4367 301 4417 lDa
320 4369 448 4418 veteribus
465 4369 592 4419 Heracliti
607 4371 788 4435 interpretibus
806 4387 829 4419 v.
847 4371 920 4435 Diog.
938 4371 1022 4421 Laert.
1033 4388 1058 4419 v.
1077 4372 1116 4433 88,
1135 4372 1247 4434 vii.174‚
1264 4372 1307 4420 vii.

206 4449 261 4507 178,
277 4446 312 4494 ix.
333 4459 371 4509 15.
411 4447 446 4496 Et
463 4448 630 4513 interpretum
647 4450 702 4499 rica
719 4449 890 4513 fungebantur
906 4449 1037 4512 scriptores
1059 4466 1116 4499 oum
1139 4451 1181 4499 alii
1203 4455 1258 4499 tum
1280 4451 1308 4498 in

204 4524 290 4587 primis
302 4525 387 4585 Stoici,
400 4541 464 4589 quos
475 4525 622 4576 Heraclitea
632 4528 724 4591 passim
736 4527 813 4577 citare
824 4528 966 4591 imitarique
978 4529 1061 4578 solitos
1073 4543 1126 4577 esse
1136 4532 1240 4577 constat.
