3252 5174
630 465 710 510 HEPl
730 463 866 512 ΦΥΣΕΩΣ.

705 634 799 698 XXI.

201 753 314 853 Πυρὸς
330 756 457 855 τροπαὶ
475 761 609 851 πρῶτον
626 753 798 828 θάλασσα·
826 751 998 838 θαλάσσης
1018 751 1112 826 δὲτὸ
1128 750 1186 838 μὲν
1202 750 1300 837 ἥμισυ

200 876 256 960 γῆ,
274 865 317 939 τῦ
336 866 370 938 δέ
387 864 484 951 ἥμισυ
501 869 667 966 πρηστήρ.

199 1083 245 1134 τοῦ
260 1081 373 1150 ’κόσμον
389 1078 477 1135 τόνόε’
494 1072 585 1158 [vulg.
600 1083 700 1149 κόσμον
714 1071 1297 1158 νῦν]-ΟῙγ1ῐιρὶοόοΐῑιείαΡΙαῦ.Ρλαθιὶ.

198 1195 227 1253 p.
244 1192 299 1233 201
316 1174 456 1235 Finckh.:
478 1177 520 1232 διὰ
534 1177 562 1231 δέ
575 1181 653 1233 τοῦτο
671 1180 686 1232 ό
706 1176 828 1250 ἡμέτερος
848 1177 996 1250 καθηγεμὼν
1009 1179 1160 1250 φλογόσεις
1173 1177 1257 1248 φησὶν
1270 1176 1299 1244 ἐξ

198 1275 298 1330 ἐκείνων
312 1271 384 1352 (scil.
398 1279 449 1330 τῶν
462 1269 576 1351 όστρων)
598 1275 626 1330 ἐν
647 1278 683 1350 τῷ
705 1274 786 1346 αἰθέρι
805 1273 923 1346 γίνεσθαι
941 1275 983 1328 καὶ
1001 1271 1094 1330 ταύτας
1113 1273 1230 1346 ὁρᾶσθαι·
1259 1275 1300 1329 καλ

197 1365 304 1443 μήποτε,
319 1372 397 1444 φησί,
411 1373 489 1426 τοῦτό
505 1371 577 1427 ε’στιν
592 1370 655 1444 ὅπερ
673 1374 688 1425 ὁ
701 1370 869 1442 Ἡράκλειτος
886 1368 966 1443 λε’γει·
993 1368 1149 1439 ’λστόμενας
1166 1369 1245 1443 με’τρα
1260 1371 1300 1426 καὶ

198 1470 368 1542 σβεννύμενος
381 1471 469 1542 μίτρα·
498 1471 592 1543 οὐγὰρ
606 1469 688 1540 δήπου
707 1471 782 1527 αῦτός
795 1473 810 1524 ό
824 1470 906 1540 ήλιος,
921 1468 980 1524 ἀλλ’
995 1471 1010 1523 ὁ
1028 1471 1092 1541 πρὸς
1108 1468 1172 1540 ἡμας
1184 1469 1299 1539 ήλιος-

197 1565 310 1643 Respic.
334 1565 489 1626 Cleanthes
513 1564 554 1624 H.
577 1566 609 1624 ln
634 1565 697 1625 Iov.
721 1585 756 1641 9:
784 1570 853 1623 τοῖον
876 1568 945 1638 ἔχεις
966 1567 1092 1640 ῦποεργόν
1115 1565 1240 1636 ἀνικήτοις
1263 1567 1300 1622 ἐνὶ

197 1669 290 1738 χερσὶν
316 1665 430 1740 ἇμφήκη,
457 1667 581 1738 πνρόεντ’,
614 1667 663 1722 αἶεὶ
692 1669 786 1734 ζώοντα
816 1661 1134 1737 tepuere—Nicander
1159 1660 1297 1739 Alexiph.

200 1775 275 1836 174:
303 1769 355 1838 πῦρ
375 1766 422 1835 μὲν
441 1762 545 1832 ἀείζωον
565 1759 651 1841 (conf.
675 1761 770 1821 Schol.
791 1761 830 1820 ad
851 1759 1114 1841 leel—Epictetus
1142 1780 1189 1837 ep.
1213 1761 1296 1821 Stob.

196 1859 298 1920 Florll.
313 1860 390 1920 cviii.
407 1862 445 1919 60
459 1857 488 1939 (e
502 1859 669 1940 Musonl0):
692 1861 731 1916 ὅτι
745 1861 846 1930 τοιαύτη
860 1861 876 1930 ή
889 1865 937 1915 τοῦ
951 1864 1049 1931 κόσμου
1063 1858 1145 1932 φύσις
1158 1863 1199 1915 καὶ
1213 1859 1244 1929 ἦν
1258 1863 1298 1915 καὶ

197 1961 255 2016 ἐστι
268 1961 308 2016 καὶ
321 1962 403 2017 ἔσται·
425 1962 466 2016 καὶ
480 1961 529 2032 οὐχ
543 1957 638 2016 οἷόντε
652 1960 740 2016 ἄλλως
753 1959 889 2032 γίγνεσθαι
902 1960 934 2013 τὰ
947 1961 1085 2031 γιγνόμενα
1097 1957 1112 2028 ή
1127 1959 1161 2015 ὥς
1176 1961 1220 2015 νῦν
1233 1959 1295 2030 ἔχει·

197 2059 239 2113 καὶ
249 2058 288 2113 ὅτι
301 2057 393 2128 ταύτης
403 2061 448 2128 τῆς
458 2061 553 2130 τροπῆς
564 2055 604 2113 καὶ
613 2061 759 2127 μεταβολῆς
769 2059 800 2112 ού
810 2060 888 2126 μόνον
895 2059 920 2110 ol
929 2056 1059 2128 ἅνθρωποι
1069 2054 1243 2128 μετειλήφασι
1257 2057 1297 2111 καλ

196 2155 280 2211 τᾶλλα
295 2159 345 2224 ζῶα
358 2157 390 2211 τὰ
406 2156 449 2212 ἐπὶ
466 2159 521 2230 γῆς,
536 2156 606 2210 ἀλλὰ
624 2157 664 2212 καὶ
682 2157 715 2210 τὰ
734 2155 796 2226 θεῖα,
812 2156 852 2209 καὶ
867 2155 895 2224 νή
910 2155 958 2225 Δί’,
972 2155 1081 2210 αὐτὰτὰ
1093 2153 1211 2226 τέσσαρα
1225 2175 1298 2208 στοι-

195 2258 255 2324 χεῖα
267 2254 317 2310 ἅνω
331 2255 372 2308 καὶ
384 2255 450 2308 κάτω
464 2255 583 2326 τρέπεται
593 2255 634 2309 καὶ
646 2255 813 2324 μεταβάλλει·
842 2253 882 2307 καὶ
894 2255 927 2326 γῆ
941 2274 970 2306 τε
982 2250 1051 2325 ὕδωρ
1064 2251 1161 2325 γίνεται
1175 2252 1215 2306 καλ
1228 2249 1297 2323 ὕδωρ

196 2351 252 2424 ἀήρ,
264 2352 338 2409 οῦτος
352 2352 379 2407 δέ
393 2352 515 2408 παλινεῖς
529 2351 616 2423 αἷθέρα
630 2354 797 2423 μεταβάλλει·
819 2351 859 2405 καὶ
872 2352 887 2404 ὁ
901 2351 977 2407 αὐτὸς
989 2352 1084 2422 τρόπος
1096 2352 1141 2420 τῆς
1153 2351 1297 2419 μεταβολῆς
1387 2353 1391 2368 “

195 2450 291 2505 ἅνοθεν
310 2448 551 2507 edre—Iustinus
571 2448 659 2508 Μοιτ.
674 2447 759 2526 Apol.
773 2467 802 2524 p.
815 2467 852 2523 93
869 2445 970 2526 Oleil.
985 2447 1142 2505 Deuteron.
1161 2465 1207 2521 32,
1226 2446 1294 2527 ael:

194 2547 367 2618 καταβήσεται
387 2546 490 2615 ἀείζωον
510 2546 645 2621 πῦρ-Μ.
666 2545 835 2605 Antoninus
856 2545 905 2604 vll.
929 2565 967 2621 9:
994 2546 1225 2620 συγκατατέτακται
1245 2547 1296 2619 γὰρ

195 2642 268 2724 (scil.
292 2642 387 2722 πάντα)
412 2648 453 2701 καὶ
476 2649 622 2719 ανγκοσμεῖ
642 2647 688 2700 τόν
710 2646 787 2701 αὐτὸν
808 2649 913 2716 κόσμον.
956 2647 1052 2715 κόσμος
1079 2667 1108 2699 τε
1130 2645 1181 2717 γὰρ
1207 2641 1243 2703 εἶς
1267 2644 1296 2713 ἐξ

195 2745 311 2800 ἁπάντων
325 2745 365 2799 καὶ
376 2744 453 2799 ούσία
465 2741 519 2815 μία,
534 2746 576 2799 καὶ
596 2746 672 2814 νόμος
686 2741 730 2815 εἷς,
744 2746 824 2816 λόγος
844 2745 926 2800 κοινὸς
939 2745 1042 2799 πάντων
1053 2747 1105 2796 τῶν
1119 2747 1212 2815 νοερῶν
1227 2744 1297 2810 ζώων

194 2839 404 2898 —Heraclitus
422 2836 522 2918 Alleg.
548 2841 635 2898 Hom.
660 2843 716 2899 26:
745 2845 774 2897 τὸ
793 2841 815 2896 δ’
830 2843 872 2896 ἐπὶ
891 2843 939 2915 γῆς
954 2845 1007 2913 πῦρ
1015 2840 1176 2914 Ἥφαιστον,
1192 2839 1297 2913 ἑτοίμως

194 2939 335 3012 ἁπτόμενόν
348 2963 377 2994 τε
391 2942 431 2994 καὶ
446 2939 616 3010 σβεννύμενον
630 2935 718 3016 (conf.
733 2937 897 2996 Martianus
912 2937 1030 3014 Capella
1043 2936 1062 2995 l.
1080 2936 1140 3017 87).

234 3053 300 3094 xx1.
324 3035 457 3095 Clemens
478 3035 563 3094 Alex.
583 3035 692 3096 Strom.
708 3056 735 3094 v.
754 3055 798 3108 14,
820 3056 848 3113 p.
866 3048 922 3110 ηις
944 3033 1101 3113 (=Euseb.
1123 3036 1155 3094 P.
1177 3036 1211 3094 E.
1232 3034 1296 3095 xiii.

198 3154 242 3210 13,
254 3154 282 3211 p.
295 3132 385 3213 676):
415 3134 455 3189 ὅτι
469 3135 497 3190 δὲ
513 3136 553 3189 καὶ
565 3138 671 3208 γενητόν
685 3137 725 3190 καλ
738 3136 856 3208 φθαρτὸν
868 3137 945 3190 αὐτὸν
959 3133 1021 3192 εἶναι
1034 3136 1197 3209 ἐδογμότιζεν
1209 3135 1296 3207 μηνύει

193 3237 226 3290 τὰ
240 3235 418 3306 ἐπιφερόμενα·
448 3234 535 3304 Πυρός
547 3235 640 3304 τροπαὶ
653 3237 756 3305 πρῶτον
766 3232 897 3288 θάλασσα·
927 3232 1063 3303 θαλάσσης
1077 3234 1104 3288 δέ
1118 3234 1295 3304 τόμένήμισυ

195 3336 238 3406 γή,
252 3337 282 3386 τό
297 3332 325 3386 δὲ
339 3331 419 3400 ἥμισυ
433 3329 559 3402 σρηστήρ.
596 3329 698 3399 δυνάμει
711 3332 761 3402 γὰρ
775 3332 846 3402 λέγει
860 3329 899 3385 ὅτι
912 3332 943 3384 τὸ
956 3333 1008 3402 πῦρ
1021 3331 1071 3386 ῦπό
1083 3335 1133 3386 τοῦ
1143 3331 1296 3388 διοικοῦντος

192 3434 275 3503 λόγου
289 3430 330 3485 καὶ
343 3428 402 3483 θεοῦ
415 3428 448 3482 τὰ
462 3426 596 3497 σύμπαντα
613 3428 643 3482 δι’
658 3427 733 3501 ἀέρος
745 3427 863 3499 τρέπεται
882 3428 918 3485 εἷς
936 3429 1022 3501 ὑγρόν,
1036 3429 1068 3481 τό
1082 3429 1117 3484 ὥς
1135 3427 1237 3499 σπέρμα
1249 3431 1295 3499 τῆς

193 3525 395 3596 διακοσμήσεως,
417 3523 431 3579 ό
454 3527 526 3580 καλεῖ
544 3525 683 3581 θάλασσαν
701 3521 741 3601 (v.
756 3522 885 3599 Bernays
908 3521 1048 3582 Heraclil.
1064 3520 1084 3580 i.
1098 3541 1126 3599 p.
1143 3520 1200 3600 14),
1218 3524 1248 3578 ἐκ
1266 3525 1295 3579 δέ

192 3624 285 3681 τούτου
298 3623 369 3681 αὖθις
384 3624 481 3696 γίνεται
493 3626 526 3694 γῖη
542 3625 581 3678 καὶ
599 3624 706 3697 οὐρανός
725 3625 765 3678 καὶ
783 3624 815 3678 τὰ
832 3624 1038 3696 ἐμπεριεχόμενα
1080 3622 1148 3679 ὅπως
1168 3622 1196 3676 δέ
1217 3623 1295 3679 πόλιν

192 3721 395 3794 ἅναλαμβόνεται
410 3722 450 3776 καλ
464 3721 616 3794 ἐκπυροῦται
630 3724 724 3795 σαφῶς
737 3723 779 3776 διὰ
797 3721 894 3777 τούτων
907 3722 991 3791 δηλοῖ·
1022 3723 1152 3776 θάλασσα
1166 3720 1293 3791 διαχέεται

192 3822 233 3875 καὶ
254 3821 384 3894 μετρέεται
405 3821 442 3876 εἷς
461 3822 506 3874 τὸν
519 3821 595 3875 αὐτὸν
609 3823 690 3893 λόγον
703 3822 787 3877 ὁκοῖος
799 3819 914 3892 πρόσθεν
927 3817 958 3889 ήν
970 3817 985 3889 ή
999 3818 1120 3891 γενέσθαι
1132 3815 1291 3891 *fil-(lons.

194 3917 374 3994 Hippolytus
399 3914 463 3974 Ref.
487 3913 565 3973 haer.
580 3915 618 3976 vi.
638 3930 692 3992 17:
722 3921 824 3974 πάντων
844 3913 928 3995 (scil,
950 3915 993 3974 ait
1014 3913 1096 3974 Simo
1121 3914 1225 3991 Magus
1247 3917 1293 3970 τὸν

193 4019 323 4073 σκοτεινόν
335 4016 503 4088 Ἠράκλειτον
523 4013 695 4094 συλαγωγῶν)
709 4015 780 4071 ὅσων
798 4016 900 4089 γε’νεσίς
920 4016 998 4085 ἐστιν,
1020 4015 1070 4070 ἀπὸ
1090 4015 1171 4086 πυρός
1190 4013 1205 4083 'l
1224 4012 1292 4086 ἀρχή

191 4117 236 4185 τῆς
255 4115 389 4185 ἐπιθυμίας
408 4115 452 4182 τῆς
471 4112 597 4183 γενέσεως
615 4114 720 4185 γίνεται·
749 4117 884 4186 τοιγαροῦν
897 4111 1041 4185 πυροῦσθαι
1057 4114 1087 4166 τὸ
1107 4111 1236 4182 ἐπιθυμεῖν
1248 4113 1292 4181 τῆς

191 4215 352 4284 μεταβλητῆς
361 4212 486 4285 γενέσεως
497 4211 652 4282 ὀνομάζεται.
674 4210 701 4266 ἐν
711 4211 738 4264 δέ
754 4211 781 4264 ὃν
793 4212 823 4265 τὸ
836 4214 887 4283 πῦρ
899 4211 1017 4282 στροφὰς
1031 4209 1171 4281 στρέφεται
1182 4209 1227 4265 δύο
1238 4211 1289 4268 κτέ.

190 4307 241 4389 (de
254 4328 316 4368 voe.
329 4309 448 4383 πρηστήρ
462 4327 488 4366 v.
506 4307 612 4366 Seneca
627 4307 663 4381 Q.
674 4307 712 4364 N.
728 4305 758 4364 ii.
777 4309 814 4380 56
827 4325 835 4378 ;
858 4306 939 4365 stob.
953 4305 1014 4364 Eel.
1030 4305 1049 4364 i.
1063 4325 1090 4382 p.
1105 4305 1187 4387 594).

225 4468 282 4506 ΠΙ.
300 4455 345 4520 πῦρ
359 4453 448 4518 epona·
462 4454 565 4504 Eusebii
579 4453 634 4502 eod.
647 4453 685 4502 D:
702 4454 773 4516 τυρός
787 4450 875 4516 τροπὰς
888 4451 960 4503 codd.
972 4453 994 4503 F
1006 4452 1037 4512 G,
1049 4452 1088 4503 od.
1104 4453 1188 4520 Steple
1227 4459 1237 4514 ΙΙ
1249 4457 1290 4503 θα·

192 4531 298 4599 λόσσηι]
310 4532 423 4583 θάλασσα
433 4533 535 4583 Eusebii
546 4532 599 4582 σοιί.
613 4532 642 4581 F.
