3252 5174
314 419 337 457 X
771 409 953 454 PRAEFATIO.

317 585 423 645 citatae
436 584 631 643 adtendentes.
674 580 763 658 Apud
777 577 926 638 inferiores
946 581 1044 637 autem
1059 577 1169 637 accedit
1183 596 1259 636 nova
1272 577 1412 655 deprava·

317 683 407 742 tionis
428 701 530 741 causa:
558 701 618 740 non
638 700 675 739 ex
695 679 760 756 ipso
781 678 862 735 fonte
886 676 936 736 sed
956 696 993 735 ex
1013 676 1116 735 rivulis
1136 677 1227 734 ferme
1247 674 1414 734 Heraclitea

317 780 482 841 desumunt.
524 779 662 837 Percurre
675 796 788 835 mecum
802 773 978 846 testimonia,
992 773 1112 850 adparet
1126 794 1143 832 a
1157 774 1258 851 primis
1272 775 1340 833 inde
1354 792 1414 832 sae-

319 879 391 938 culis
408 878 537 937 oculatos
556 896 654 936 rerum
674 878 763 934 testes
782 893 842 932 esse
855 891 969 950 paucos,
985 893 1022 931 ex
1040 873 1247 949 interpretibus
1263 874 1415 949 plerosque

318 978 451 1056 pendere,
466 976 556 1035 citata
569 972 708 1046 mutuari,
723 993 782 1031 non
795 991 849 1048 pro
863 991 893 1030 se
912 991 964 1030 sua
977 991 1119 1048 quemque
1132 971 1282 1031 invenisse.
1325 971 1416 1029 Velut

319 1077 380 1153 ipse
394 1075 494 1135 Cicero
508 1074 703 1150 fragmentum
717 1071 790 1129 illud
804 1070 839 1128 de
851 1069 1031 1127 Hermodoro
1045 1069 1143 1128 exsule
1155 1069 1283 1128 indidem
1297 1069 1415 1128 arcessit

320 1194 354 1233 ac
367 1177 434 1250 post
447 1193 513 1232 eum
527 1170 687 1242 Musonius,
701 1169 822 1227 fortasse
840 1187 875 1226 ex
890 1166 1040 1243 deperdita
1054 1168 1150 1227 nescio
1169 1169 1251 1227 cuius
1264 1167 1300 1226 de
1314 1166 1417 1225 exsilio

320 1270 569 1330 commentatione.
611 1267 710 1326 Etiam
723 1265 842 1324 Philoni
856 1265 953 1323 minus
969 1272 1071 1324 notum
1086 1266 1174 1325 fuisse
1188 1266 1297 1324 librum
1310 1265 1415 1337 iudico,

321 1370 372 1447 qui
387 1369 500 1446 saepius
515 1366 673 1426 orationem
695 1386 752 1424 usu
770 1370 935 1441 corruptam
953 1364 1089 1423 adhibeat
1107 1364 1261 1442 Stoicoque
1279 1368 1418 1423 contextu

322 1468 459 1544 implicet,
473 1486 507 1525 ac
520 1465 657 1542 pleraque
674 1463 845 1541 pervulgata
859 1466 889 1520 et
902 1460 995 1520 cuivis
1014 1462 1101 1521 obvia
1114 1463 1236 1535 referat;
1258 1482 1332 1539 quae
1350 1468 1419 1521 sunt

323 1565 396 1624 mihi
405 1564 521 1624 citantis
530 1583 566 1622 ex
574 1563 733 1640 interprete
743 1562 922 1620 documenta.
949 1558 1130 1619 Antoninum
1139 1566 1221 1637 patet
1231 1560 1343 1619 Stoicos
1352 1579 1419 1619 suos

323 1663 413 1741 sequi.
429 1661 583 1733 Lucienus,
598 1661 667 1719 dum
681 1659 713 1717 in
727 1659 876 1736 parodiam
890 1657 1124 1717 Heracliteorum
1138 1658 1264 1718 Stoicam
1278 1659 1421 1732 ἐκπύρωσιν

324 1761 445 1832 inducit,
467 1759 544 1818 unde
565 1778 617 1817 sua
637 1757 755 1834 petierit
775 1757 884 1816 fatetur
892 1757 922 1816 ¹⁰.
966 1756 1116 1817 Laertium
1140 1757 1171 1815 in
1195 1757 1248 1816 hac
1271 1776 1331 1813 una
1355 1775 1420 1832 par·

324 1859 415 1918 ticula
439 1856 534 1935 operis
558 1857 634 1915 libro
655 1859 823 1933 pervetusto
844 1875 931 1913 usum
951 1875 1013 1914 esse
1033 1875 1117 1914 nemo
1137 1853 1195 1912 iam
1216 1852 1421 1913 adfirmaverit.

325 1954 418 2032 Apud
442 1955 565 2014 Sextum
592 1956 635 2014 ita
659 1954 784 2014 accrevit
811 1953 985 2013 Heracliteis
1008 1953 1209 2031 interpretatio
1236 1959 1271 2013 ut
1296 1973 1424 2012 errorem

326 2075 363 2113 ne
390 2054 452 2130 ipse
480 2054 599 2130 quidem
627 2053 758 2130 effugisse
784 2052 927 2112 videatur.
984 2052 1125 2130 Origenes
1152 2072 1205 2111 sua
1236 2051 1422 2111 disertissime

327 2152 411 2212 Oelso
439 2159 555 2230 accepta
582 2151 678 2210 refert.
733 2151 881 2224 Quaedam
908 2171 927 2209 a
954 2150 1070 2209 Plotino
1097 2149 1281 2222 Iambliohus,
1310 2170 1329 2208 a
1356 2151 1422 2208 Plu-

327 2251 428 2310 tarcho
463 2249 604 2324 Iulianus,
630 2249 723 2309 multa
750 2269 767 2306 a
795 2248 950 2307 Plutarcho
977 2269 1011 2308 ac
1039 2249 1188 2308 Clemente
1219 2248 1362 2309 Eusebius
1394 2254 1424 2307 et

278 2377 282 2383 ·
328 2349 526 2409 Theodoretus
554 2347 774 2407 transtulerunt.
830 2346 1008 2406 scholiastae
1036 2346 1158 2408 Homeri
1187 2368 1321 2426 magnam
1348 2352 1425 2406 certo

327 2452 440 2524 partem
460 2445 569 2504 habent
593 2465 630 2503 ex
655 2443 872 2503 collectionibus
896 2445 955 2503 illis
977 2445 1179 2522 quaestionum
1200 2451 1230 2504 et
1250 2444 1427 2505 solutionum

329 2545 552 2604 Homericamm
567 2563 638 2621 quas
652 2540 832 2602 Aristotelen
845 2563 925 2602 more
938 2543 1114 2620 conscriptas
1134 2543 1316 2620 grammatici
1334 2540 1426 2601 Alex-

329 2641 445 2701 andrini
468 2640 647 2717 reliquerant
656 2641 685 2699 ¹².
728 2640 773 2698 De
801 2640 866 2698 aliis
891 2640 988 2717 opinio
1012 2640 1172 2714 difficilior3
1204 2640 1261 2698 nisi
1285 2641 1359 2698 forte
1384 2639 1427 2697 ita

331 2760 368 2800 ex
399 2739 475 2798 notis
506 2739 606 2816 ignota
637 2738 788 2796 decernere
814 2736 886 2796 velis
916 2742 952 2795 ut
978 2737 1086 2815 ubique
1113 2738 1171 2796 iam
1198 2738 1286 2798 tertio
1313 2737 1426 2796 saeculo

231 2903 237 2912 ¹
331 2837 485 2914 scriptores
511 2857 548 2895 ex
575 2836 735 2912 interprete
761 2835 887 2911 pendere
914 2834 1062 2906 coniectes,
1091 2834 1122 2892 in
1149 2842 1231 2894 tanta
1258 2835 1428 2914 praesertim

331 2936 454 3013 penuria
481 2934 622 2994 librorum
649 2940 830 2992 vetustorum
859 2952 946 3009 quam
974 2933 1104 3008 agnoscit
1130 2933 1312 3011 Porphyrius
1342 2934 1429 2992 horno

331 3053 366 3090 ea
379 3036 473 3090 aetate
488 3031 717 3090 litteratissimus
731 3036 760 3088 et
773 3050 913 3108 perquam
928 3031 1075 3090 studiosus
1089 3031 1275 3108 antiquitatis
1285 3032 1315 3091 ¹².
1350 3031 1430 3104 Quid

332 3113 433 3208 igitur,
457 3129 620 3207 perieratne
643 3127 703 3186 iam
726 3129 819 3187 libert
861 3129 1000 3190 Nondum
1024 3128 1158 3204 perierat,
1180 3130 1274 3202 credo,
1295 3131 1344 3188 sed
1369 3130 1429 3188 sive

332 3228 479 3305 neglectus
501 3226 561 3285 sive
584 3226 734 3302 ignoratus
756 3225 866 3285 latebat
889 3246 980 3302 paene
1002 3246 1107 3286 omnes.
1151 3227 1252 3286 Unum
1272 3228 1430 3287 alterumve

333 3346 398 3385 cum
420 3325 542 3403 excipio,
560 3324 756 3402 Hippolytum
778 3325 803 3382 si
824 3344 909 3401 quem
930 3325 1022 3382 alium
1042 3331 1194 3402 exceptum
1213 3325 1310 3399 velim,
1324 3327 1431 3404 quippe

334 3424 385 3503 qui
416 3429 461 3482 tot
493 3427 554 3482 tam
586 3423 693 3481 eximia
725 3423 887 3500 fragmenta
918 3427 1002 3481 tanta
1036 3422 1093 3481 fide
1127 3425 1356 3484 conservaverit:
1396 3425 1432 3484 de

367 3604 385 3634 ¹⁰
396 3604 570 3652 Heracliteum
578 3601 648 3666 κύρον
660 3603 702 3652 alii
710 3619 755 3667 per
762 3601 875 3666 κάθαρσιν
884 3605 957 3667 (conf.
966 3605 1032 3653 Plat.
1040 3605 1107 3654 Orat.
1116 3603 1163 3670 396
1172 3606 1194 3654 B
1203 3610 1229 3654 et
1236 3605 1324 3655 Stallb.
1333 3607 1366 3655 ad
1374 3607 1433 3667 loc.)

334 3683 378 3730 alii
388 3697 435 3745 per
446 3679 579 3742 ἐκπύρωσιν
588 3682 819 3745 interpretabantur
830 3700 835 3730 z
854 3683 967 3746 exempla
978 3682 1055 3732 habes
1063 3685 1195 3747 utriusque
1206 3685 1242 3732 rei
1251 3685 1277 3731 in
1286 3685 1435 3733 testimoniis

335 3765 367 3812 ad
377 3764 407 3812 fr.
419 3763 524 3812 XXIV.
539 3767 565 3811 et
581 3763 725 3822 OXVIII.;
743 3764 891 3827 quibuscum
904 3764 988 3812 confer
998 3764 1131 3828 Hippolyt.
1142 3765 1199 3816 Res.
1210 3766 1277 3814 haer.
1290 3767 1307 3814 i.
1319 3782 1340 3814 c.
1354 3780 1382 3814 21
1396 3784 1436 3815 :-

335 3839 510 3906 πρσσδέχανται
523 3839 549 3889 δὲ
563 3842 627 3904 (scil.
639 3841 727 3904 Stoici)
741 3841 871 3904 ἐκπύρωσιν
887 3841 985 3890 ἔσεσθαι
997 3841 1036 3890 καὶ
1051 3841 1166 3906 κάθαρσιν
1180 3843 1225 3892 τοῦ
1240 3843 1332 3904 κόσμου
1343 3842 1439 3901 τούτου,

334 3920 358 3967 ol
373 3917 419 3980 μὲν
435 3918 531 3975 narres,
543 3919 566 3966 ol
583 3917 609 3967 tl
625 3917 719 3981 μέρσυα.
741 3917 780 3967 καὶ
796 3919 859 3967 κατὰ
875 3919 946 3982 μέρσα
962 3918 988 3968 δὲ
1005 3919 1080 3968 αὐτὸν
1091 3920 1241 3984 καθαίρεσθαι
1258 3921 1382 3984 λέγουσιν,
1399 3921 1439 3970 καὶ

335 3995 427 4059 σχεδὸν
449 3995 495 4058 τὴν
519 3993 609 4059 φθορὰν
631 3995 671 4044 καὶ
693 3996 740 4058 τὴν
762 3995 846 4060 ἑτέρου
869 3999 894 4060 ἐξ
916 3997 991 4057 αύσῆα
1013 3997 1111 4060 γένεσιν
1133 3998 1246 4062 κάθαρσιν
1273 3998 1438 4060 ὀνομάζουσιν.

336 4075 454 4123 Ionismis
465 4079 552 4123 autem
564 4075 690 4123 Lucienus
701 4075 794 4138 passim
810 4075 892 4124 utitur
903 4092 953 4124 non
965 4092 1025 4124 vere
1037 4077 1189 4126 Heracliteis
1204 4078 1247 4126 sed
1259 4095 1275 4126 a
1286 4095 1312 4127 ae
1322 4079 1439 4142 parociae

337 4168 412 4200 causa
422 4151 522 4200 relictis.

370 4229 389 4258 ¹¹
405 4231 466 4278 Vid.
479 4231 558 4278 Lehrs
574 4231 605 4278 de
616 4231 758 4280 Aristarchi
775 4231 863 4280 studiis
880 4233 1029 4294 Homericis,
1041 4249 1065 4297 p.
1080 4247 1126 4298 199
1139 4233 1178 4283 ed.
1195 4235 1246 4291 alt,
1258 4235 1325 4284 Rosa
1337 4235 1440 4283 Aristot.

337 4307 544 4372 pseudepigraph.
558 4325 582 4371 p.
597 4322 651 4371 149,
665 4309 745 4358 Cobet
755 4310 863 4358 Miscell.
875 4311 936 4359 Orit.
948 4327 972 4375 p.
987 4325 1041 4375 ²²5·

371 4383 390 4412 ²²
406 4383 561 4447 Porphyrius
578 4401 618 4448 ap.
636 4385 729 4434 Euseb.
746 4388 777 4436 P.
795 4387 826 4435 Ε.
843 4404 868 4436 x.
886 4401 909 4449 3,
927 4405 951 4453 p.
969 4389 1017 4452 468
1029 4387 1157 4438 ;-σπάνια
1175 4389 1201 4438 δὲ
1219 4388 1251 4437 τὰ
1267 4389 1316 4438 τῶν
1333 4388 1379 4451 πρὸ
1399 4391 1443 4439 τοῦ

338 4459 467 4509 Πλάτωνος
478 4460 618 4523 γεγονότων
630 4462 724 4517 βιβλία.
