3252 5174
606 467 766 512 κοινωνοῖς
782 488 825 498 -
839 469 869 512 v.
1250 459 1288 514 73

187 639 345 713 ὑπέραντλον
364 639 466 713 γένηται
485 643 515 696 τδ
536 646 619 712 σῶμα,
644 639 749 698 δύσεται
769 643 805 700 είς
825 644 855 697 τδ
879 639 1036 715 είμαρμίνου.
1067 643 1138 698 ἀλλά
1157 643 1188 697 οὐ
1211 642 1288 715 ψυχή

187 735 302 809 δύσεται,
322 738 391 792 ἀλλά
415 738 539 793 ἀθάνατον
563 737 629 795 οὐσα
652 743 739 812 χρῆμα
762 740 798 798 είς
822 741 929 814 οὐρανόν
948 741 1121 812 ἀναπτήσεται
1140 741 1287 815 μετάρσιος,

187 837 304 905 δέξονται
327 837 358 892 δέ
378 859 410 907 με
433 837 540 911 αίθέριοι
560 839 634 909 δόμοι
654 840 700 910 καλ
714 839 855 912 Ἐφεσίους
876 838 1073 912 συκοφαντήσω·
1103 837 1288 909 πολιτεύσομαι

187 936 234 989 οὐκ
254 935 281 989 ἐν
301 934 450 1006 ἀνθρώποις,
470 934 531 990 ἀλλ’
545 936 572 990 ἐν
592 937 667 1006 θεοῖς,
686 937 727 991 καί
747 937 797 1009 οὐχ
810 929 914 1008 4ίδρύσιο
935 936 1009 1012 ὄλλιρ
1029 935 1141 1008 βωμούς,
1158 935 1217 990 ἀλλ’
1231 936 1288 1007 ἐμοὶ

158 1032 272 1102 5άλλοι,
300 1033 360 1088 οὐδέ
386 1033 522 1104 ἀπειλήσει
547 1056 592 1105 μοι
619 1034 742 1101 ἀσέβειαν
769 1035 909 1105 Εὐθυκλῆς,
931 1033 990 1089 ἀλλ’
1012 1034 1063 1108 ἐγὼ
1087 1034 1172 1110 ἐκείνῳ
1195 1033 1286 1106 χολήν.

186 1130 345 1200 θαυμάζωσι
358 1135 413 1187 πῶς
426 1131 465 1185 ἀεί
480 1131 631 1204 σκυθρωπὸς
643 1129 819 1205 Ἡράκλειτος,
834 1133 864 1186 οὐ
882 1131 1039 1203 θαυμάζουσι
1060 1137 1114 1189 πῶς
1130 1131 1169 1186 ἀεί
1182 1133 1287 1202 πονηροί

185 1225 322 1300 ἅνθρωποι.
353 1228 430 1301 ρικρά
450 1231 496 1298 τῆς
516 1230 603 1286 κακίας
622 1229 747 1299 ὐπανεῖτε,
762 1229 833 1301 κάγὼ
853 1230 920 1302 τάχα
940 1230 1072 1299 μειδιάσω.
1105 1229 1187 1284 καίτοι
1207 1232 1287 1302 πραό-

184 1347 259 1396 τερος
277 1325 304 1379 ἐν
322 1328 353 1395 τῇ
373 1329 443 1401 νόσιρ
464 1330 508 1382 νῦν
528 1327 658 1398 ἐγενόμην,
672 1324 712 1381 ὅτι
732 1327 777 1381 οὐκ
798 1327 943 1399 ἐντυγχάνω
963 1326 1112 1399 ἀνθρώποις,
1127 1326 1196 1381 ἀλλὰ
1209 1328 1287 1397 μόνος
1330 1393 1331 1397 ¹

185 1427 263 1478 νοσῶ.
285 1423 352 1493 τάχα
366 1424 407 1478 καλ
420 1423 496 1495 ψυχή
510 1422 657 1494 μαντεύεται
670 1423 799 1479 ἀπόλυσιν
818 1425 907 1494 ἑαυτῆς
925 1425 972 1494 ήδη
991 1424 1056 1480 ποτέ
1074 1424 1101 1478 ἐκ
1119 1427 1165 1479 τοῦ
1184 1411 1294 1495 δεσμω(

140 1533 173 1568 10
184 1520 273 1591 τηρίου
281 1518 372 1576 τούτου
383 1521 423 1576 καλ
434 1521 567 1592 σειομένου
577 1526 623 1576 τοῦ
634 1523 753 1591 σύμοτος
762 1520 923 1578 ἐκκύπτουσα
931 1520 1144 1592 ἀναμιμνήσκεται
1152 1523 1184 1577 τά
1191 1524 1286 1596 πάτρια

183 1619 275 1691 χωρία,
290 1617 362 1672 ἐνθεν
375 1619 535 1674 κατελθοῦσα
549 1620 719 1693 περιεβάλετο
737 1618 797 1691 ῥέον
810 1625 893 1691 στῦμα,
907 1621 938 1675 τδ
958 1620 1069 1676 τεθνειδς
1088 1623 1173 1690 τοῦτο,
1188 1618 1203 1674 δ
1217 1620 1287 1676 δοκεῖ

183 1719 238 1772 τοῖς
251 1716 343 1773 ἀλλοις
359 1719 403 1786 ἄμ
416 1718 444 1771 ἐν
461 1716 598 1790 φλέγμασι
612 1718 653 1771 καλ
665 1720 733 1789 χολῇ
749 1719 789 1772 καί
803 1718 878 1791 ίχῦρι
891 1719 932 1773 καὶ
945 1715 1038 1789 αίματι,
1054 1711 1121 1798 [καί]
1136 1715 1232 1790 νεύροις
1245 1719 1285 1773 καὶ

184 1812 273 1871 ὀστοῖς
289 1814 330 1868 καί
350 1816 460 1888 σάρκεσι
480 1813 657 1885 πεπιλημένον.
680 1815 702 1869 εί
715 1816 766 1888 γάρ
781 1815 816 1887 μή
830 1816 862 1870 τά
876 1816 943 1886 πάθη
957 1816 1096 1887 ἐσοφίζετο
1109 1815 1155 1886 τήν
1167 1819 1284 1887 κόλασιν,

184 1913 230 1967 οὐκ
244 1911 276 1966 δν
288 1913 336 1982 ήδη
349 1915 479 1985 πρόπαλαι
493 1916 673 1970 καταλιπόντες
686 1913 716 1967 τδ
730 1917 806 1983 σῶμα
819 1911 960 1983 ἐξήλθομεν
973 1912 1016 1967 ἀπ’
1030 1915 1125 1976 αὐτοῦς
1145 1914 1255 1986 ἔρρωσο.

706 2077 763 2140 VI.

139 2217 170 2269 15
224 2209 266 2280 Τῷ
283 2205 360 2280 αὐτῷ.
403 2204 532 2276 Συνήλθον
552 2207 578 2258 οί
598 2205 687 2277 ίατροί,
708 2179 866 2276 ’λμφιδάμα
888 2205 929 2259 καί
947 2206 1014 2260 πάνυ
1034 2202 1170 2276 προθύμως
1190 2227 1221 2277 γε
1241 2204 1284 2260 ἐπὶ

183 2304 229 2374 τήν
242 2304 303 2374 ἐμήν
321 2308 415 2360 νοῦσον
435 2307 495 2359 οὐτε
515 2303 607 2374 τέχνην
626 2306 685 2358 οὐτε
706 2301 788 2374 φύσιν
808 2303 909 2374 εἰδότες,
923 2303 992 2357 ἀλλὰ
1000 2291 1042 2357 ’τὸ
1062 2303 1109 2374 μέν
1129 2303 1188 2358 οὐδὲ
1208 2302 1283 2369 ἐβού-

183 2404 269 2472 λοντο,
291 2403 320 2457 τδ
341 2403 369 2457 δέ
390 2403 501 2471 ἐδόκουν,
515 2401 595 2473 ἀμφω
615 2401 643 2456 δέ
664 2399 779 2474 ήγνάουν.
808 2401 882 2456 οὐδέν
900 2401 981 2457 πλέον
1000 2400 1015 2472 ή
1036 2401 1213 2472 κατεμάλαξάν
1232 2424 1282 2469 μου

183 2499 229 2569 τήν
247 2500 364 2573 γαστέρα
384 2503 439 2556 ταῖς
460 2502 540 2570 άφοῖς
560 2501 593 2556 ὣς
613 2498 700 2556 ἀσκόν.
726 2501 751 2553 οί
771 2500 799 2554 δέ
820 2499 860 2553 καί
881 2497 1028 2572 θεραπεύειν
1048 2499 1148 2568 ήθελον,
1163 2498 1222 2552 ἀλλ’
1237 2500 1283 2553 οὐκ

183 2597 324 2671 ἐπέτρεψα,
343 2597 414 2652 ἀλλά
432 2599 513 2670 λόγον
531 2597 624 2654 αὐτοῦς
643 2599 768 2670 πρότερον
788 2594 866 2667 ᾔτουν
885 2599 930 2665 τῆς
950 2599 1037 2666 νάσου,
1052 2599 1093 2651 καὶ
1112 2599 1158 2652 οὐκ
1177 2598 1281 2662 ἔδοσαν,

138 2707 170 2742 20
183 2697 242 2751 οὐδέ
262 2696 439 2770 περιεγένοντό
458 2717 516 2766 μου,
538 2694 596 2749 ἀλλ’
617 2695 669 2767 ἐγὼ
689 2696 779 2751 αὐτῶν.
812 2697 828 2724 “
837 2699 891 2752 πῶς
911 2695 942 2750 δν
964 2692 1028 2750 οὐν”
1049 2697 1117 2768 ἔφην
1138 2698 1155 2726 “
1162 2695 1282 2753 δύναισθε

182 2795 288 2863 αὐληταί
302 2797 414 2865 τεχνῖται
427 2788 490 2847 εἶναι
503 2794 553 2848 ῦπδ
566 2792 601 2862 μή
619 2793 731 2861 αὐλητοῦ
750 2791 880 2862 ήττημίνοι
888 2816 897 2856 ,·
919 2793 1026 2863 ἐμαυτὸν
1046 2794 1159 2865 ἰάσομαι,
1174 2793 1189 2863 ή
1203 2795 1281 2865 ὑμεῖς,

182 2892 226 2946 ἐάν
237 2892 271 2964 γέ
281 2914 314 2962 με
327 2892 453 2962 διδάξητε,
467 2895 521 2948 πῶς
539 2891 570 2960 ἐξ
588 2891 730 2964 ἐπομβρίας
747 2891 845 2962 αὐχμόν
862 2888 1005 2960 ποιητέον.”
1026 2893 1051 2946 οί
1065 2893 1093 2946 δέ
1107 2893 1166 2947 οὐδὲ
1183 2893 1281 2948 συνιέν-

182 3012 224 3046 τες
237 2991 268 3044 τδ
282 2990 398 3062 ἐρώτημα
411 2987 549 3060 ἡσύχασαν
561 2988 730 3059 ἀπορούμενοι
749 2987 889 3058 ἐπιστήμης
909 2989 982 3045 ίδίου.
1003 2990 1083 3062 ἔγνων
1101 2988 1141 3044 ὅτι
1159 2990 1205 3045 κᾶν
1222 2990 1282 3047 τούς

181 3087 278 3146 ἀλλους
299 3089 344 3143 οὐκ
363 3085 444 3157 αὐτοί,
458 3087 526 3141 ἀλλά
546 3086 612 3158 τύχη
633 3087 742 3143 ίάσαιτο.
764 3085 835 3141 οῦτοι
855 3086 1007 3156 ἀσεβοῦσιν,
1027 3087 1184 3158 Ἀμφιδάμα,
1206 3110 1281 3143 κατα-

138 3195 168 3246 25
181 3186 337 3258 ψευδόμενοι
351 3192 448 3257 τεχνῶν
460 3185 491 3242 ἀς
504 3186 549 3240 οὐκ
563 3185 654 3256 ἔχουσι
672 3185 713 3238 καὶ
732 3182 913 3252 θεραπεύοντες
926 3183 943 3237 ά
955 3184 990 3254 μή
1007 3182 1085 3239 ’ίσασι
1103 3185 1143 3239 καί
1163 3185 1281 3241 ἀποκτιν-

181 3282 266 3341 νύντες
289 3284 437 3357 ἀνθρώπους
461 3283 493 3338 δι’
517 3282 639 3352 ὀνόματος
662 3281 753 3353 τέχνης
776 3281 920 3339 ἀδικοῦντες
944 3283 985 3337 καί
1008 3280 1092 3353 φύσιν
1116 3283 1157 3337 καὶ
1181 3283 1281 3356 τέχνην.

181 3383 292 3453 αι’σχρόν
312 3383 384 3436 ἐστιν
404 3384 541 3454 ὁμολογεῖν
560 3380 669 3454 άγνοιαν,
684 3378 788 3452 αἴσχιον
807 3377 949 3450 ἐπιστήμην
969 3381 1015 3433 οὐκ
1034 3381 1135 3451 ἔχοντα,
1156 3378 1184 3436 τί
1196 3359 1282 3440 αὐτοῖς

181 3478 228 3547 ήδύ
251 3482 281 3534 τό
301 3477 463 3552 ψεύδεσθαι,·
494 3477 509 3548 ή
530 3476 570 3534 ἵνα
593 3461 628 3532 δι’.
645 3477 742 3545 ἀπάτης
765 3475 988 3550 χρημοτίσωνταιι
1018 3477 1135 3546 ἀμείνους
1160 3478 1191 3533 δν
1214 3477 1281 3547 ήσαν

180 3580 364 3650 μεταιτοῦντες·
398 3575 521 3647 ήλεοῦντο
547 3579 610 3649 γοῦν
636 3575 676 3629 άν·
707 3579 752 3630 νῦν
778 3576 806 3629 δέ
833 3579 967 3644 μισοῦνται
990 3576 1031 3629 καλ
1057 3576 1217 3640 βλάπτοντες
1241 3578 1282 3632 καὶ

137 3688 169 3739 30
180 3676 345 3748 ψευδόμενοι.
367 3675 545 3745 εὐτελέστεραι
563 3676 589 3728 αί
607 3672 687 3729 ἀλλαι
705 3673 799 3744 τέχναι,
814 3671 911 3744 ταχέως
930 3672 1089 3746 ἐλέγχονται·
1111 3675 1281 3748 δυσελεγκτό-

180 3795 242 3845 τερα
265 3774 297 3828 τά
321 3774 435 3845 κρείττω.
466 3771 625 3842 έλελήθεσάν
647 3793 680 3841 με
700 3773 724 3825 οί
743 3775 856 3825 τοιοῦτοι
876 3771 904 3826 ἐν
924 3776 954 3840 τῇ
976 3774 1059 3827 πόλει.
1091 3773 1175 3830 οὐδεὶς
1198 3774 1283 3828 αὐτῶν

171 3857 275 3945 ίατρός,
300 3871 368 3925 ἀλλά
392 3871 484 3927 πάντες
507 3869 648 3927 ἀπατεῶνες
668 3870 710 3924 καί
729 3869 846 3942 φένακες,
868 3867 1022 3942 σοφίσματα
1045 3870 1136 3941 τέχνης
1158 3870 1281 3943 ἀργυρίου

180 3972 376 4043 πιπράσκοντες.
403 3967 615 4042 Ἠρακλεόδωρον
636 3971 681 4024 τδν
701 3969 761 4038 ἐμδν
781 3967 849 4022 θεῖον
869 3965 940 4022 οῦτοι
961 3967 1108 4024 ἀπέκτειναν
1125 3969 1167 4023 καὶ
1186 3969 1282 4038 μισθὸν

179 4069 285 4137 ἔλαβον,
301 4063 326 4121 οί
338 4067 383 4120 οὐκ
397 4065 554 4136 ἐδυνήθησαν
567 4068 627 4136 ἐμής
646 4068 725 4120 νόσου
742 4067 822 4138 λόγον
842 4066 928 4135 είπεῖν,
944 4066 1002 4121 οὐδὲ
1021 4066 1051 4134 ἐξ
1068 4067 1210 4139 ἐπομβρίας
1227 4072 1282 4124 πῶς

213 4289 310 4355 ,ψάλλω
321 4291 425 4355 scripsi:
442 4287 640 4352 άλλωνΒτυΙς.
681 4293 691 4347 ΙΙ
735 4301 762 4336 11
777 4285 869 4349 ῥέοντι
885 4286 1003 4347 σῦμαΒι
1021 4284 1200 4349 ψέοντδσῦμα
1210 4288 1279 4353 vulg.

182 4368 401 4430 nnmldelAE
436 4373 446 4428 ΙΙ
484 4382 513 4431 13
530 4363 745 4429 κατεαοφίζετοΒ
780 4370 790 4424 ΙΙ
829 4379 858 4412 οι
876 4363 908 4426 γέ
925 4365 999 4413 WB:
1022 4363 1049 4413 δέ
1066 4364 1119 4414 cod.
1137 4365 1278 4417 Mamm:

181 4463 231 4498 om.
242 4448 310 4511 vulg.
348 4451 358 4505 ΙΙ
394 4443 631 4495 συνίντειΗοι-οὶιοτ
666 4449 676 4503 ΙΙ
714 4440 799 4506 ογκδν
811 4443 941 4492 Hercher:
959 4440 998 4491 καί
1009 4442 1077 4507 vulg.
1119 4447 1129 4503 ΙΙ
1171 4443 1281 4506 3οεύτυ-

182 4522 297 4588 χέστεραι
309 4525 378 4588 vulg.
392 4539 455 4573 corr.
468 4524 502 4571 W
539 4528 549 4583 ΙΙ
585 4537 615 4585 33
626 4520 671 4571 τάν
682 4537 731 4571 om.
744 4521 801 4570 WB
