3252 5174
721 371 935 421 ΗΡΑΚΛΕΙΤΟΥ
955 371 1097 420 seculo?

828 589 979 658 CXXIV.

353 727 574 818 Νυκτιπάλοι,
592 729 708 826 μάγοι,
727 729 863 830 βάκχοι,
880 739 985 818 sevae,
1002 733 1137 817 μύσται.

836 952 970 1021 CXXV.

352 1087 408 1162 Τά
443 1089 512 1191 γὰρ
544 1090 738 1192 νομιζόμενα
767 1092 841 1166 κατ’
875 1091 1062 1193 ἀνθρώπους
1090 1096 1256 1190 μυστύρια
1272 1088 1459 1189 ,όνιερωστὶ

350 1209 509 1288 μυεῦνται.

827 1326 980 1393 CXXVI.

351 1463 422 1536 Kal
448 1476 518 1544 ταῖς
543 1463 720 1560 ἆγόλμασι
740 1471 908 1541 τουτέοισι
935 1470 1098 1564 εὔχονται,
1124 1467 1233 1537 ὁκοῖον
1258 1466 1359 1543 εἴτις
1382 1476 1461 1543 τοῖς

349 1716 430 1774 αἴτιον
456 1717 536 1777 οὕτως
562 1721 655 1794 λέγων·
689 1722 751 1777 ἔνθα
775 1723 896 1790 ’[όεόντιῒ
920 1718 1107 1777 ἐπανίστασθαι
1130 1719 1172 1777 καὶ
1195 1719 1314 1792 φύλακας
1336 1720 1456 1789 γίνεσθαι

349 1817 434 1890 ἐγερτὶ
455 1820 553 1886 ζώντων
572 1821 613 1874 καὶ
633 1818 880 1895 νεκρῶν-Βοερίο.
902 1817 968 1877 fort.
991 1817 1124 1878 Clemens
1145 1816 1229 1876 Alex.
1251 1817 1358 1876 Strem
1378 1837 1408 1876 v.
1425 1835 1454 1888 1,

348 1933 377 1991 p.
401 1916 473 1989 649:
497 1912 566 1972 οἶδεν
585 1919 636 1992 γὰρ
657 1920 698 1974 καὶ
718 1918 793 1976 οὗτος
814 1914 886 1996 (scil.
901 1913 1081 1995 Heraclitus)
1102 1918 1130 1973 ἐκ
1149 1920 1195 1987 τῆς
1215 1918 1351 1990 βαρβάρου
1372 1919 1453 1988 φιλο·

349 2015 447 2087 σοφίας
459 2016 547 2086 μαθων
564 2016 610 2087 τὴν
630 2017 671 2072 ee
692 2018 772 2090 πυρός
792 2017 916 2089 κάθαρσιν
935 2023 987 2072 τῶν
1006 2021 1087 2073 κακῶς
1106 2019 1278 2085 βεβιωκότων,
1293 2013 1324 2085 ἣν
1344 2013 1455 2086 ὕστερον

349 2111 493 2186 ἐκπύρωσιν
505 2114 631 2170 ε’κόλεσαν
651 2118 676 2171 el
695 2116 808 2170 Στωικοί·
829 2112 884 2170 καθ
900 2113 929 2170 όν
949 2115 989 2170 καὶ
1009 2116 1054 2170 τὸν
1074 2114 1144 2171 illue
1163 2116 1238 2170 ποιόν
1258 2111 1454 2183 άναστὴσεσθαι

349 2212 531 2283 δογματίζουσι
552 2205 639 2290 (conf.
661 2209 837 2270 Plutarchus
858 2211 894 2270 de
915 2210 980 2270 Def.
1002 2230 1076 2270 erec.
1095 2229 1140 2283 ια,
1160 2229 1189 2287 p.
1206 2223 1282 2284 4153
1310 2208 1454 2268 Tetieuus

349 2305 400 2365 Or.
416 2307 454 2364 ad
467 2305 567 2366 Graec.
585 2305 625 2387 3).
741 2385 745 2394 ι

390 2421 495 2463 cxxrv.
518 2404 652 2465 Clemens
671 2404 753 2466 Alex.
776 2405 923 2485 Protrept.
948 2426 973 2479 τ,
995 2427 1024 2484 p.
1042 2409 1078 2465 18
1101 2403 1261 2485 (=Euseb.
1281 2403 1316 2463 P.
1326 2405 1361 2464 E.
1376 2405 1406 2464 ii.
1423 2425 1452 2480 3,

348 2522 377 2580 p.
395 2501 460 2582 66):
481 2504 541 2573 ἄξια
553 2506 600 2576 μὲν
613 2504 658 2561 οὖν
672 2508 760 2564 νυκτὸς
772 2508 805 2562 τὰ
818 2509 965 2578 τελέσματα
981 2508 1022 2562 καὶ
1042 2509 1123 2580 πυρός
1143 2503 1184 2561 καλ
1203 2510 1249 2561 τοῦ
1270 2503 1453 2578 μεγαλήτορος,

349 2603 450 2671 μᾶλλον
464 2603 491 2657 δὲ
505 2605 702 2677 ματαιόφρονος,
716 2603 885 2678 Ἐρεχθειδῶν
905 2603 994 2675 δῆμον,
1007 2607 1072 2678 πρὸς
1085 2605 1113 2660 ti
1127 2605 1169 2660 nul
1187 2609 1238 2660 τῶν
1257 2603 1345 2658 ὄλλων
1357 2601 1454 2672 Ἑλλή-

350 2721 408 2770 νων,
422 2697 541 2758 οὕστινας
553 2699 621 2773 με’νει
635 2702 839 2773 τελευτήσαντας
856 2703 930 2759 όσσα
943 2704 1002 2758 otte*
1016 2705 1148 2760 ἕλιτονται.
1191 2703 1246 2759 τίσι
1259 2702 1290 2771 δὴ
1303 2700 1453 2772 μαντεύεται

348 2795 515 2870 Ἡράκλειτος
528 2804 543 2855 ὁ
556 2799 697 2873 Ἐφὲσιοςς
718 2804 878 2858 νυκτιπόλοις
890 2804 981 2874 μάγοις
994 2802 1102 2873 βάκχαις
1115 2800 1203 2872 λὴναις
1216 2799 1332 2868 μύσταις·
1353 2797 1455 2856 τούτοις

349 2894 451 2951 άπειλεῖ
469 2897 501 2953 τό
521 2899 585 2968 μετὰ
606 2898 720 2970 θάνατον,
742 2898 841 2956 τούτοις
860 2897 1008 2970 μαντεύεται
1027 2900 1058 2956 τό
1079 2903 1139 2971 πῦρ.
1181 2900 1212 2954 τό
1232 2899 1283 2972 γάρ
1303 2901 1453 2968 νομιζόμενα

350 2993 403 3050 κατ’
417 2994 565 3068 ἀνθρώπους
577 2995 706 3071 μυστήρια
719 2997 854 3071 άνιερωστὶ
866 3001 986 3068 μυοῦνται
1001 2993 1133 3078 [μυεῦνται
1147 2990 1277 3076 Euseb·].
1318 3000 1393 3068 νόμος
1406 2994 1453 3051 οὖν

350 3092 390 3146 καὶ
404 3092 536 3166 ὑπόληψις
550 3094 607 3165 κενὴ
620 3096 671 3152 κτὲ.

390 3204 481 3248 cxxv.
505 3188 639 3249 Clemens
659 3188 747 3249 Alex.
769 3191 912 3268 Protrept.
938 3211 964 3263 2,
985 3211 1014 3268 p.
1032 3210 1068 3266 ¹9
1090 3188 1250 3269 (=Euseb.
1270 3189 1303 3249 P.
1319 3190 1354 3250 E.
1375 3189 1407 3250 ii.
1423 3211 1451 3266 3,

348 3303 378 3363 p.
398 3286 449 3367 67)
470 3286 507 3344 ed
527 3286 562 3346 tr.
584 3286 711 3347 CXXIV
725 3287 986 3365 citatus-Respic
1008 3287 1156 3347 Arnebius
1177 3288 1243 3348 cdv.
1265 3287 1339 3347 Net.
1351 3309 1380 3348 v.
1398 3307 1450 3364 29:

349 3401 382 3441 ec
403 3403 440 3442 ne
460 3383 526 3461 quis
546 3385 653 3445 fortes
670 3384 752 3444 nobis
772 3390 833 3444 tem
853 3384 958 3462 impias
978 3385 1136 3445 arbitretur
1156 3385 1292 3445 confictus
1313 3406 1360 3445 res
1380 3405 1451 3458 esee,

349 3480 499 3541 Heraclito
519 3483 587 3542 testi
609 3503 669 3541 non
688 3484 870 3562 postulamus
890 3488 924 3542 ut
948 3485 1053 3556 credet,
1075 3503 1127 3544 nec
1148 3484 1294 3560 mysteriis
1314 3485 1451 3544 volumus

348 3579 420 3656 quid
439 3599 527 3656 super
546 3581 654 3639 telibus
673 3581 796 3640 senserit
816 3601 853 3640 ex
874 3581 965 3659 ipsius
985 3581 1108 3659 accipiet
1128 3582 1267 3643 lectione:
1292 3589 1385 3643 totam
1405 3583 1455 3646 ina

348 3683 477 3756 terroget
502 3677 662 3751 Graeciam,
683 3679 756 3757 quid
775 3678 831 3738 sibi
850 3680 943 3738 velint
963 3679 996 3737 hi
1017 3678 1118 3758 phelli,
1140 3700 1213 3758 ques
1233 3701 1286 3758 per
1305 3701 1375 3740 rurs
1397 3700 1451 3758 per

348 3775 454 3852 oppida
467 3795 531 3835 mos
544 3775 669 3854 subrigit
683 3784 712 3838 et
728 3781 879 3838 veneretur
892 3778 1037 3855 antiquus,
1051 3778 1179 3839 inveniet
1200 3799 1299 3839 causes
1320 3797 1381 3838 esee
1402 3797 1450 3838 ees

348 3891 420 3950 ques
434 3873 564 3933 dicimus.

389 3987 494 4032 exxvr.
516 3971 650 4031 Clemens
663 3970 750 4033 Alex.
766 3973 910 4050 Protrept.
928 3992 955 4046 4,
970 3994 998 4052 p.
1014 3994 1069 4048 44:
1091 3977 1127 4033 σὺ
1143 3977 1172 4032 δὲ
1188 3975 1247 4031 ἀλλ’
1263 3977 1332 4048 εἰμὴ
1346 3975 1450 4050 τροφῆ-

347 4071 417 4128 τιόος
437 4071 575 4139 ἐπακούεις,
590 4077 637 4128 τοῦ
654 4095 686 4146 γε
699 4079 750 4129 σοῦ
763 4074 875 4130 ἄκουσον
894 4077 1057 4148 φιλοσόφον,
1071 4080 1118 4131 τοῦ
1131 4075 1258 4149 Ἐφεσίου
1271 4073 1450 4148 Ἠρακλεῖτου,

380 4313 460 4391 exus.
478 4303 593 4363 μυεῦνται
609 4303 719 4354 Enseu:
737 4303 853 4365 μυοῦνται
864 4303 1002 4354 Clementis
1019 4304 1104 4362 eedd.;
1121 4305 1165 4354 sed
1175 4322 1200 4356 v.
1212 4304 1325 4370 Bemsys
1339 4304 1371 4353 de
1381 4304 1450 4369 Epp.

346 4378 471 4507 Hfflii
483 4396 600 4511 illlis.
612 4460 746 4512 Hoeschel.
759 4463 798 4526 (et
808 4461 878 4512 codd.
891 4461 998 4526 Oxon.):
1017 4459 1074 4510 ούτε
1085 4461 1153 4526 vulg.
