3252 5174
628 449 706 497 ΠΕΡΙ
727 449 865 499 ΦΥΣΕΩΣ.

696 661 799 727 CXV.

198 777 300 856 Κύνες
316 779 369 850 καῖ
386 777 549 878 βαθζουσι
568 781 604 853 δν
620 777 661 854 άν
676 784 721 867 μῆ
740 786 933 877 γινώσκωσι.

687 1003 808 1068 CXVI.

193 1122 349 1219 Ἀπιστίη
368 1123 586 1223 διαφυγγάνει
604 1127 649 1212 μῆ
667 1130 896 1220 γινώσκεσθαι.

678 1351 818 1416 CXVII.

197 1467 298 1567 Βλδξ
314 1469 484 1569 ἅνθρωπος
501 1471 555 1543 ἐπὶ
573 1474 675 1546 παντῖ
691 1474 787 1567 λόγῳ
804 1476 989 1559 ἐπτοῆσθαι
1009 1476 1129 1574 φιλέει.

196 1742 281 1781 nemo
301 1721 338 1781 de
358 1721 442 1782 nobis
461 1742 537 1782 unus
558 1724 700 1784 excellat:
722 1725 769 1785 sin
790 1725 857 1803 quia
878 1726 1032 1801 exstiterit,
1053 1727 1110 1786 alio
1130 1727 1162 1785 in
1182 1728 1245 1787 leco
1266 1734 1299 1790 el

195 1820 274 1898 apud
287 1821 359 1881 alios
374 1821 419 1881 sit.
461 1842 499 1881 an
517 1822 572 1882 hoc
590 1843 648 1881 non
670 1824 712 1883 ita
730 1824 764 1882 fit
778 1825 858 1883 omni
878 1825 910 1883 in
923 1827 1052 1903 populol
1073 1845 1169 1885 nonne
1183 1846 1298 1885 ornnem

196 1919 430 1998 exsuperantiam
450 1919 570 1980 virlutis
590 1922 736 1980 oderuntl
767 1922 848 2000 quid,
869 1923 1026 1996 Aristides,
1050 1924 1298 1984 eta-Musonius

195 2038 239 2096 ap.
262 2017 342 2078 Stob.
359 2017 438 2078 Flor.
453 2019 494 2078 xl.
511 2038 549 2094 9:
579 2023 668 2095 ὥσπερ
687 2021 819 2092 Ἀθήνηθεν
836 2024 882 2094 μὲν
903 2019 975 2101 (scil.
994 2019 1119 2101 ἐξηλάθη)
1137 2021 1298 2097 Ἀριστείδης

196 2123 211 2175 δ
235 2119 339 2185 δίκαιος,
362 2119 392 2188 ἐξ
409 2117 530 2192 Ἐφέσου
550 2119 578 2175 δέ
597 2118 766 2193 Ἑρμόδωρος,
787 2119 830 2192 ἐφ’
853 2118 875 2197 ᾧ
894 2123 936 2177 καὶ
955 2121 1123 2195 Ἡράκλειτος
1142 2121 1181 2177 ὅτι
1201 2124 1299 2196 ἔφυγεν

196 2217 294 2287 ἡβηδὸν
311 2217 429 2272 ἐκέλευεν
441 2216 585 2289 Ἐφεσίους
603 2215 896 2294 ἀπάγξασθαι-Βίας.
912 2217 1008 2278 Laert.
1027 2217 1066 2276 ix.
1085 2237 1121 2276 2:
1144 2221 1298 2276 καθάπτεται

196 2315 225 2370 δέ
238 2316 278 2370 καί
291 2321 343 2370 τῶν
357 2313 489 2386 Ἐφεσίων
503 2315 545 2371 ἐπὶ
562 2319 598 2391 τῷ
612 2317 656 2371 τὸν
669 2317 769 2389 ε’ταῖρον
786 2316 906 2382 ἐκβαλεῖν
918 2316 1087 2389 Ἑρμόδωρον,
1101 2317 1130 2372 ἐν
1146 2313 1184 2374 οἶς
1202 2318 1294 2388 φησιν·

189 2413 275 2484 Ἄξιον
287 2413 424 2488 Ἐφεσίοις
442 2413 539 2484 ήβηδδν
556 2414 692 2471 ἀποθανεῖν
709 2417 776 2472 πᾶσι
795 2417 906 2474 καὶτοῖς
924 2415 1028 2486 άνήβοις
1045 2416 1091 2486 τήν
1103 2419 1180 2472 πόλιν
1194 2419 1297 2471 καταλι-

194 2518 259 2585 πεῖν,
281 2510 372 2570 οἵτινες
382 2511 545 2586 Ἑρμόδωρον
563 2515 664 2568 ἐωυτῶν
682 2512 802 2584 ὀνήιστον
820 2513 946 2584 ἐξέβαλον
962 2515 1090 2588 λε’γοντες·
1111 2513 1194 2586 ήμέων
1211 2515 1298 2585 μηδεὶς

196 2606 271 2692 [μηδὲ
293 2608 328 2668 εἷς
345 2607 389 2668 ed.
405 2604 505 2690 Frob.]
528 2610 647 2682 ὀνήιστος
665 2613 741 2667 ἔστω·
764 2610 786 2668 εί
801 2613 830 2667 δέ
848 2635 887 2670 τις
907 2617 1028 2678 τοιοῦτος,
1043 2613 1112 2682 άλλη
1133 2635 1161 2668 τε
1182 2613 1223 2667 καί
1241 2611 1295 2683 μετ’

194 2706 501 2766 ὄλλων-Ιοαςίνῖὶαλυα
519 2707 555 2765 de
569 2707 629 2767 vit.
645 2705 732 2785 Pyth.
749 2727 796 2784 30,
811 2728 839 2784 p.
854 2723 909 2783 154
924 2707 1042 2768 Arcen:
1064 2712 1094 2766 οὐ
1108 2711 1167 2784 γάρ,
1183 2710 1296 2784 καθάπερ

193 2807 361 2882 Ἡράκλειτος
380 2808 494 2881 γράψειν
513 2805 648 2879 Ἐφεσίοις
666 2809 717 2880 ἔφη
735 2809 794 2866 τοὺς
814 2811 913 2879 νόμους,
928 2809 1094 2882 ἀπάγξασθαι
1112 2809 1171 2865 τοὺς
1188 2809 1297 2866 πολίτας

194 2906 291 2977 ήβηδὸν
303 2905 435 2974 κελεῦσας,
450 2905 520 2960 άλλδ
533 2906 597 2976 μετὰ
610 2908 710 2975 πολλῆς
724 2906 823 2963 εὐνοίας
836 2909 877 2961 καὶ
890 2909 1022 2976 πολιτικῆς
1036 2905 1178 2978 ἐπιστήμης
1191 2906 1296 2978 νομοθε-

194 3008 247 3060 τεῖν
267 3003 438 3076 ἐπεχείρησαν
453 2997 493 3082 [v.
510 3001 659 3079 Kiessling
676 3002 713 3061 ed
730 2999 952 3083 loc.]-Raspic.
968 3001 1114 3062 Lucienus
1127 3002 1187 3061 vit.
1207 3001 1295 3061 Auci.

198 3118 256 3173 14:
283 3104 364 3157 πᾶσιν
384 3101 480 3170 ἡβηδὸν
500 3099 926 3176 οἱμὼζειν-ρςοαᾶο-Πῖοςοαοα
947 3099 1041 3176 Epist.
1067 3104 1113 3173 28,
1134 3102 1170 3158 6:
1200 3101 1296 3173 ἡβηδὸν

195 3199 341 3271 σύμπαντες
354 3198 369 3268 θ
385 3199 531 3270 σωφρονεῖν
544 3198 637 3269 μάθετε
651 3198 665 3269 ἢ
682 3199 841 3272 άπάγξασθε.

236 3311 305 3352 cxv.
321 3291 493 3350 Plutarchus
507 3289 556 3350 An
570 3292 631 3351 seni
646 3293 685 3352 sit
698 3312 756 3370 ger.
767 3312 842 3370 resp.
853 3294 903 3353 vii.
919 3313 948 3371 p.
962 3297 1033 3370 787:
1055 3294 1164 3353 ὃτοίνυν
1173 3295 1296 3370 μέγιστον

194 3394 269 3448 κακὸν
282 3395 389 3465 ἔχουσιν
409 3394 436 3446 αἱ
454 3393 589 3456 πολιτεῖαι,
604 3394 649 3447 τὸν
669 3393 777 3464 φθόνον,
793 3394 885 3464 ἥκιστα
906 3393 1053 3466 διερείδεται
1072 3395 1137 3466 πρὸς
1157 3396 1187 3449 τδ
1207 3397 1294 3467 γῆρας·

194 3490 266 3548 κώνες
279 3492 330 3565 γάρ
344 3492 384 3546 καί
398 3485 540 3559 βαΰζουσιν
553 3489 583 3545 δν
596 3491 627 3546 άν
639 3493 673 3563 μή
687 3494 835 3566 γινώσκωσι
849 3491 904 3547 καθ’
916 3491 1092 3564 Ἡράκλειτον.

236 3605 320 3648 cm.
342 3587 515 3646 Plutarchus
536 3586 641 3647 Coriol.
664 3591 721 3664 38:
744 3590 813 3645 άλλδ
833 3596 884 3645 τῶν
907 3591 953 3661 μέν
977 3589 1052 3645 θείων
1071 3592 1104 3646 τδ
1124 3591 1221 3662 πολλά,
1240 3589 1294 3647 καθ

193 3686 370 3761 Ἡράκλειτον,
399 3688 505 3757 άπιστίη
533 3688 702 3762 διαφυγγάνει
736 3688 770 3759 μή
805 3685 1172 3762 γιγνώσκεσθαι-0101116118
1206 3685 1294 3746 Alex·

196 3782 304 3844 Strum-
319 3804 347 3844 v.
366 3804 411 3859 13,
426 3803 454 3860 p.
472 3785 550 3860 699:
572 3786 642 3841 άλλδ
655 3787 687 3842 τά
705 3787 752 3858 μέν
769 3789 814 3856 τῆς
832 3789 952 3860 γνώσεως
969 3788 1038 3857 βάθη
1052 3785 1172 3860 κρῦπτειν
1189 3787 1296 3859 ἀπιστίη

194 3881 286 3956 άγαθή,
300 3880 355 3938 καθ
369 3883 545 3954 Ἡράκλειτον·
568 3883 675 3954 άπιστίη
688 3885 739 3958 γάρ
753 3885 923 3958 διαφυγγάνει
935 3885 970 3955 μή
983 3886 1183 3958 γιγνώσκεσθαι.

236 3995 334 4037 cm.
361 3976 537 4037 Plutarchus
561 3979 597 4037 de
618 3963 776 4038 Audleudo
802 3992 828 4055 7,
850 3999 880 4056 p.
902 3998 960 4052 41:
989 3983 1035 4038 τὸν
1056 3981 1225 4053 Ἠράκλειτον
1250 3982 1296 4036 οὐκ

194 4078 351 4151 ἐλέγχουσιν
373 4078 484 4146 εῖπόντα,
510 4079 582 4149 Βλδξ
603 4079 735 4152 ἄνθρωπος
760 4077 802 4135 ἐπὶ
826 4081 901 4134 παντὶ
922 4080 994 4154 λόγῳ
1021 4078 1161 4149 ἐπτοῆσθαι
1182 4081 1297 4150 φιλεῖ-

195 4173 308 4251 Respic.
329 4174 414 4233 Idem
435 4174 471 4231 de
490 4172 570 4233 Aue.
590 4182 667 4252 poet.
685 4195 713 4250 9,
727 4195 756 4252 p.
773 4177 831 4233 28:
854 4178 936 4249 ὁγὰρ
957 4174 1038 4234 οὕτως
1058 4176 1176 4232 ἀπαντῶν
1193 4178 1240 4247 μὲν
1255 4178 1304 4236 καὶ.

228 4408 289 4447 cxv.
306 4395 345 4445 nel
356 4393 485 4461 βαδζουσι]
499 4392 678 4457 nereensem
689 4394 837 4451 Wakefield,
848 4394 973 4443 Schuster.

229 4486 299 4525 σιντ.
315 4471 414 4538 ἀπιστίη
429 4475 560 4524 Clemens:
584 4491 598 4524 e
611 4475 740 4523 Clemente
755 4470 787 4520 τὰ
803 4473 847 4534 τῆς
860 4470 961 4535 γνώσιοι
976 4469 1054 4527 βάθεα
1068 4470 1180 4537 κμνπειν
1194 4472 1294 4536 ἀπιστίη

195 4551 275 4616 ἀγαθή
287 4553 418 4604 Heraclito
429 4553 569 4604 obtrudunt
580 4552 734 4602 Mullechius
744 4551 864 4601 Schueter
874 4551 973 4615 aliique.
